step,market,agent_type,agent_id,quantity,price
1,labor,seller,19,1,1
1,labor,seller,12,1,1
1,labor,seller,15,1,1
1,labor,seller,7,1,1
1,labor,seller,9,1,1
1,labor,seller,2,1,1
1,labor,seller,1,1,1
1,labor,seller,16,1,1
1,labor,seller,17,1,1
1,labor,seller,11,1,1
1,labor,seller,13,1,1
1,labor,seller,0,1,1
1,labor,seller,8,1,1
1,labor,seller,3,1,1
1,labor,seller,10,1,1
1,labor,seller,14,1,1
1,labor,seller,4,1,1
1,labor,seller,5,1,1
1,labor,seller,6,1,1
1,labor,seller,18,1,1
2,capital,seller,20,20,0.8
2,capital,seller,21,20,0.8
3,consumption,seller,23,20,0.8
3,consumption,seller,25,20,0.8
3,consumption,seller,22,20,0.8
3,consumption,seller,24,20,0.8
4,labor,seller,7,1,1
4,labor,seller,2,1,1
4,labor,seller,16,1,1
4,labor,seller,19,1,1
4,labor,seller,8,1,1
4,labor,seller,15,1,1
4,labor,seller,9,1,1
4,labor,seller,10,1,1
4,labor,seller,3,1,1
4,labor,seller,11,1,1
4,labor,seller,14,1,1
4,labor,seller,0,1,1
4,labor,seller,17,1,1
4,labor,seller,13,1,1
4,labor,seller,1,1,1
4,labor,seller,12,1,1
4,labor,seller,18,1,1
4,labor,seller,6,1,1
4,labor,seller,4,1,1
5,capital,seller,20,20,0.6400000000000001
5,capital,seller,21,20,0.6400000000000001
6,consumption,seller,24,11.399999999999999,0.6400000000000001
6,consumption,seller,26,1.6206565966927624,0.96
7,labor,seller,11,1,1
7,labor,seller,10,1,1
7,labor,seller,8,1,1
7,labor,seller,2,1,1
7,labor,seller,13,1,1
7,labor,seller,0,1,1
7,labor,seller,12,1,1
7,labor,seller,17,1,1
7,labor,seller,14,1,1
7,labor,seller,7,1,1
7,labor,seller,9,1,1
7,labor,seller,19,1,1
7,labor,seller,1,1,1
7,labor,seller,4,1,1
7,labor,seller,16,1,1
7,labor,seller,18,1,1
8,capital,seller,20,20,0.5120000000000001
8,capital,seller,21,20,0.5120000000000001
9,consumption,buyer,3,4.976717016536194,24.48
9,consumption,buyer,6,24.48,24.48
9,consumption,buyer,15,24.48,24.48
9,consumption,buyer,11,1,24.48
9,consumption,buyer,10,1,24.48
9,consumption,buyer,8,1,24.48
9,consumption,buyer,2,1,24.48
9,consumption,buyer,13,1,24.48
9,consumption,buyer,0,1,24.48
9,consumption,buyer,12,1,24.48
9,consumption,buyer,17,1,24.48
9,consumption,buyer,7,1,24.48
9,consumption,buyer,9,1,24.48
9,consumption,buyer,19,1,24.48
9,consumption,buyer,1,1,24.48
9,consumption,buyer,4,1,24.48
9,consumption,buyer,16,1,24.48
9,consumption,buyer,18,1,24.48
9,consumption,buyer,14,1,24.479999999999997
10,labor,seller,6,1,0
10,labor,seller,15,1,0
10,labor,seller,5,1,0
10,labor,seller,3,1,0
10,labor,seller,9,1,1
10,labor,seller,19,1,1
10,labor,seller,7,1,1
10,labor,seller,8,1,1
10,labor,seller,18,1,1
10,labor,seller,0,1,1
10,labor,seller,12,1,1
10,labor,seller,4,1,1
10,labor,seller,16,1,1
10,labor,seller,11,1,1
10,labor,seller,13,1,1
10,labor,seller,14,1,1
10,labor,seller,1,1,1
10,labor,seller,10,1,1
10,labor,seller,17,1,1
10,labor,seller,2,1,1
11,capital,seller,21,20,0.40960000000000013
11,capital,seller,20,20,0.40960000000000013
12,consumption,buyer,9,1,24.48
12,consumption,buyer,19,1,24.48
12,consumption,buyer,7,1,24.48
12,consumption,buyer,8,1,24.48
12,consumption,buyer,18,1,24.48
12,consumption,buyer,0,1,24.48
12,consumption,buyer,12,1,24.48
12,consumption,buyer,4,1,24.48
12,consumption,buyer,16,1,24.48
12,consumption,buyer,11,1,24.48
12,consumption,buyer,13,1,24.48
12,consumption,buyer,1,1,24.48
12,consumption,buyer,10,1,24.48
12,consumption,buyer,17,1,24.48
12,consumption,buyer,2,1,24.48
12,consumption,buyer,14,1,24.479999999999997
13,labor,seller,9,1,1
13,labor,seller,13,1,1
13,labor,seller,12,1,1
13,labor,seller,14,1,1
13,labor,seller,8,1,1
13,labor,seller,7,1,1
13,labor,seller,17,1,1
13,labor,seller,16,1,1
13,labor,seller,2,1,1
13,labor,seller,18,1,1
13,labor,seller,4,1,1
13,labor,seller,11,1,1
13,labor,seller,10,1,1
13,labor,seller,1,1,1
13,labor,seller,19,1,1
14,capital,seller,21,20,0.32768000000000014
14,capital,seller,20,20,0.32768000000000014
15,consumption,buyer,0,17.514541791620065,24.48
15,consumption,buyer,9,1,24.48
15,consumption,buyer,13,1,24.48
15,consumption,buyer,12,1,24.48
15,consumption,buyer,8,1,24.48
15,consumption,buyer,7,1,24.48
15,consumption,buyer,17,1,24.48
15,consumption,buyer,16,1,24.48
15,consumption,buyer,15,24.48,24.48
15,consumption,buyer,6,24.48,24.48
15,consumption,buyer,2,1,24.48
15,consumption,buyer,18,1,24.48
15,consumption,buyer,4,1,24.48
15,consumption,buyer,11,1,24.48
15,consumption,buyer,10,1,24.48
15,consumption,buyer,1,1,24.48
15,consumption,buyer,19,1,24.48
15,consumption,buyer,14,1,24.479999999999997
16,labor,seller,6,1,0
16,labor,seller,15,1,0
16,labor,seller,0,1,0
16,labor,seller,3,1,0
16,labor,seller,5,1,0
16,labor,seller,10,1,1
16,labor,seller,14,1,1
16,labor,seller,1,1,1
16,labor,seller,19,1,1
16,labor,seller,13,1,1
16,labor,seller,8,1,1
16,labor,seller,7,1,1
16,labor,seller,12,1,1
16,labor,seller,17,1,1
16,labor,seller,18,1,1
16,labor,seller,4,1,1
16,labor,seller,2,1,1
16,labor,seller,11,1,1
16,labor,seller,9,1,1
16,labor,seller,16,1,1
17,capital,seller,21,20,0.2621440000000001
17,capital,seller,20,20,0.2621440000000001
18,consumption,buyer,10,1,24.48
18,consumption,buyer,1,1,24.48
18,consumption,buyer,19,1,24.48
18,consumption,buyer,13,1,24.48
18,consumption,buyer,8,1,24.48
18,consumption,buyer,7,1,24.48
18,consumption,buyer,12,1,24.48
18,consumption,buyer,17,1,24.48
18,consumption,buyer,18,1,24.48
18,consumption,buyer,4,1,24.48
18,consumption,buyer,2,1,24.48
18,consumption,buyer,11,1,24.48
18,consumption,buyer,9,1,24.48
18,consumption,buyer,16,1,24.48
18,consumption,buyer,14,1,24.479999999999997
19,labor,seller,5,1,0
19,labor,seller,3,1,0
19,labor,seller,6,1,0
19,labor,seller,0,1,0
19,labor,seller,15,1,0
19,labor,seller,19,1,1
19,labor,seller,1,1,1
19,labor,seller,17,1,1
19,labor,seller,8,1,1
19,labor,seller,16,1,1
19,labor,seller,12,1,1
19,labor,seller,7,1,1
19,labor,seller,13,1,1
19,labor,seller,2,1,1
19,labor,seller,9,1,1
19,labor,seller,18,1,1
19,labor,seller,4,1,1
19,labor,seller,10,1,1
19,labor,seller,14,1,1
19,labor,seller,11,1,1
20,capital,seller,21,20,0.2097152000000001
20,capital,seller,20,20,0.2097152000000001
21,consumption,buyer,19,1,24.48
21,consumption,buyer,1,1,24.48
21,consumption,buyer,17,1,24.48
21,consumption,buyer,8,1,24.48
21,consumption,buyer,16,1,24.48
21,consumption,buyer,12,1,24.48
21,consumption,buyer,7,1,24.48
21,consumption,buyer,13,1,24.48
21,consumption,buyer,2,1,24.48
21,consumption,buyer,9,1,24.48
21,consumption,buyer,18,1,24.48
21,consumption,buyer,4,1,24.48
21,consumption,buyer,10,1,24.48
21,consumption,buyer,11,1,24.48
21,consumption,buyer,14,1,24.479999999999997
22,labor,seller,3,1,0
22,labor,seller,6,1,0
22,labor,seller,15,1,0
22,labor,seller,5,1,0
22,labor,seller,0,1,0
22,labor,seller,4,1,1
22,labor,seller,16,1,1
22,labor,seller,18,1,1
22,labor,seller,10,1,1
22,labor,seller,12,1,1
22,labor,seller,7,1,1
22,labor,seller,13,1,1
22,labor,seller,11,1,1
22,labor,seller,19,1,1
22,labor,seller,17,1,1
22,labor,seller,2,1,1
22,labor,seller,14,1,1
22,labor,seller,9,1,1
22,labor,seller,8,1,1
22,labor,seller,1,1,1
23,capital,seller,20,20,0.1677721600000001
23,capital,seller,21,20,0.1677721600000001
24,consumption,buyer,4,1,24.48
24,consumption,buyer,16,1,24.48
24,consumption,buyer,18,1,24.48
24,consumption,buyer,10,1,24.48
24,consumption,buyer,12,1,24.48
24,consumption,buyer,7,1,24.48
24,consumption,buyer,13,1,24.48
24,consumption,buyer,11,1,24.48
24,consumption,buyer,19,1,24.48
24,consumption,buyer,17,1,24.48
24,consumption,buyer,2,1,24.48
24,consumption,buyer,9,1,24.48
24,consumption,buyer,8,1,24.48
24,consumption,buyer,1,1,24.48
24,consumption,buyer,14,1,24.479999999999997
25,labor,seller,3,1,0
25,labor,seller,0,1,0
25,labor,seller,6,1,0
25,labor,seller,15,1,0
25,labor,seller,5,1,0
25,labor,seller,8,1,1
25,labor,seller,19,1,1
25,labor,seller,17,1,1
25,labor,seller,14,1,1
25,labor,seller,7,1,1
25,labor,seller,16,1,1
25,labor,seller,11,1,1
25,labor,seller,1,1,1
25,labor,seller,10,1,1
25,labor,seller,2,1,1
25,labor,seller,13,1,1
25,labor,seller,18,1,1
25,labor,seller,4,1,1
25,labor,seller,12,1,1
25,labor,seller,9,1,1
26,capital,seller,20,20,0.13421772800000006
26,capital,seller,21,20,0.13421772800000006
27,consumption,buyer,8,1,24.48
27,consumption,buyer,19,1,24.48
27,consumption,buyer,17,1,24.48
27,consumption,buyer,7,1,24.48
27,consumption,buyer,16,1,24.48
27,consumption,buyer,11,1,24.48
27,consumption,buyer,1,1,24.48
27,consumption,buyer,10,1,24.48
27,consumption,buyer,2,1,24.48
27,consumption,buyer,13,1,24.48
27,consumption,buyer,18,1,24.48
27,consumption,buyer,4,1,24.48
27,consumption,buyer,12,1,24.48
27,consumption,buyer,9,1,24.48
27,consumption,buyer,14,1,24.479999999999997
28,labor,seller,15,1,0
28,labor,seller,5,1,0
28,labor,seller,6,1,0
28,labor,seller,3,1,0
28,labor,seller,0,1,0
28,labor,seller,8,1,1
28,labor,seller,13,1,1
28,labor,seller,9,1,1
28,labor,seller,7,1,1
28,labor,seller,10,1,1
28,labor,seller,16,1,1
28,labor,seller,4,1,1
28,labor,seller,17,1,1
28,labor,seller,1,1,1
28,labor,seller,11,1,1
28,labor,seller,19,1,1
28,labor,seller,14,1,1
28,labor,seller,18,1,1
28,labor,seller,12,1,1
28,labor,seller,2,1,1
29,capital,seller,21,20,0.10737418240000006
29,capital,seller,20,20,0.10737418240000006
30,consumption,buyer,8,1,24.48
30,consumption,buyer,13,1,24.48
30,consumption,buyer,9,1,24.48
30,consumption,buyer,7,1,24.48
30,consumption,buyer,10,1,24.48
30,consumption,buyer,16,1,24.48
30,consumption,buyer,4,1,24.48
30,consumption,buyer,17,1,24.48
30,consumption,buyer,1,1,24.48
30,consumption,buyer,11,1,24.48
30,consumption,buyer,19,1,24.48
30,consumption,buyer,18,1,24.48
30,consumption,buyer,12,1,24.48
30,consumption,buyer,2,1,24.48
30,consumption,buyer,14,1,24.479999999999997
31,labor,seller,6,1,0
31,labor,seller,5,1,0
31,labor,seller,3,1,0
31,labor,seller,15,1,0
31,labor,seller,0,1,0
31,labor,seller,19,1,1
31,labor,seller,4,1,1
31,labor,seller,14,1,1
31,labor,seller,8,1,1
31,labor,seller,18,1,1
31,labor,seller,7,1,1
31,labor,seller,9,1,1
31,labor,seller,16,1,1
31,labor,seller,17,1,1
31,labor,seller,1,1,1
31,labor,seller,2,1,1
31,labor,seller,10,1,1
31,labor,seller,11,1,1
31,labor,seller,13,1,1
31,labor,seller,12,1,1
32,capital,seller,20,20,0.08589934592000005
32,capital,seller,21,20,0.08589934592000005
33,consumption,buyer,19,1,24.48
33,consumption,buyer,4,1,24.48
33,consumption,buyer,8,1,24.48
33,consumption,buyer,18,1,24.48
33,consumption,buyer,7,1,24.48
33,consumption,buyer,9,1,24.48
33,consumption,buyer,16,1,24.48
33,consumption,buyer,17,1,24.48
33,consumption,buyer,1,1,24.48
33,consumption,buyer,2,1,24.48
33,consumption,buyer,10,1,24.48
33,consumption,buyer,11,1,24.48
33,consumption,buyer,13,1,24.48
33,consumption,buyer,12,1,24.48
33,consumption,buyer,14,1,24.479999999999997
34,labor,seller,3,1,0
34,labor,seller,5,1,0
34,labor,seller,6,1,0
34,labor,seller,0,1,0
34,labor,seller,15,1,0
34,labor,seller,7,1,1
34,labor,seller,10,1,1
34,labor,seller,4,1,1
34,labor,seller,14,1,1
34,labor,seller,8,1,1
34,labor,seller,19,1,1
34,labor,seller,9,1,1
34,labor,seller,2,1,1
34,labor,seller,11,1,1
34,labor,seller,13,1,1
34,labor,seller,12,1,1
34,labor,seller,18,1,1
34,labor,seller,1,1,1
34,labor,seller,17,1,1
34,labor,seller,16,1,1
35,capital,seller,20,20,0.06871947673600004
35,capital,seller,21,20,0.06871947673600004
36,consumption,buyer,7,1,24.48
36,consumption,buyer,10,1,24.48
36,consumption,buyer,4,1,24.48
36,consumption,buyer,8,1,24.48
36,consumption,buyer,19,1,24.48
36,consumption,buyer,9,1,24.48
36,consumption,buyer,2,1,24.48
36,consumption,buyer,11,1,24.48
36,consumption,buyer,13,1,24.48
36,consumption,buyer,12,1,24.48
36,consumption,buyer,18,1,24.48
36,consumption,buyer,1,1,24.48
36,consumption,buyer,17,1,24.48
36,consumption,buyer,16,1,24.48
36,consumption,buyer,14,1,24.479999999999997
37,labor,seller,5,1,0
37,labor,seller,0,1,0
37,labor,seller,3,1,0
37,labor,seller,6,1,0
37,labor,seller,15,1,0
37,labor,seller,16,1,1
37,labor,seller,9,1,1
37,labor,seller,2,1,1
37,labor,seller,17,1,1
37,labor,seller,4,1,1
37,labor,seller,18,1,1
37,labor,seller,14,1,1
37,labor,seller,13,1,1
37,labor,seller,7,1,1
37,labor,seller,19,1,1
37,labor,seller,8,1,1
37,labor,seller,10,1,1
37,labor,seller,11,1,1
37,labor,seller,12,1,1
37,labor,seller,1,1,1
38,capital,seller,21,20,0.054975581388800036
38,capital,seller,20,20,0.054975581388800036
39,consumption,buyer,16,1,24.48
39,consumption,buyer,9,1,24.48
39,consumption,buyer,2,1,24.48
39,consumption,buyer,17,1,24.48
39,consumption,buyer,4,1,24.48
39,consumption,buyer,18,1,24.48
39,consumption,buyer,13,1,24.48
39,consumption,buyer,7,1,24.48
39,consumption,buyer,19,1,24.48
39,consumption,buyer,8,1,24.48
39,consumption,buyer,10,1,24.48
39,consumption,buyer,11,1,24.48
39,consumption,buyer,12,1,24.48
39,consumption,buyer,1,1,24.48
39,consumption,buyer,14,1,24.479999999999997
40,labor,seller,6,1,0
40,labor,seller,5,1,0
40,labor,seller,15,1,0
40,labor,seller,0,1,0
40,labor,seller,3,1,0
40,labor,seller,1,1,1
40,labor,seller,16,1,1
40,labor,seller,4,1,1
40,labor,seller,18,1,1
40,labor,seller,8,1,1
40,labor,seller,13,1,1
40,labor,seller,19,1,1
40,labor,seller,2,1,1
40,labor,seller,17,1,1
40,labor,seller,10,1,1
40,labor,seller,9,1,1
40,labor,seller,11,1,1
40,labor,seller,12,1,1
40,labor,seller,14,1,1
40,labor,seller,7,1,1
41,capital,seller,21,20,0.043980465111040035
41,capital,seller,20,20,0.043980465111040035
42,consumption,buyer,1,1,24.48
42,consumption,buyer,16,1,24.48
42,consumption,buyer,4,1,24.48
42,consumption,buyer,18,1,24.48
42,consumption,buyer,8,1,24.48
42,consumption,buyer,13,1,24.48
42,consumption,buyer,19,1,24.48
42,consumption,buyer,2,1,24.48
42,consumption,buyer,17,1,24.48
42,consumption,buyer,10,1,24.48
42,consumption,buyer,9,1,24.48
42,consumption,buyer,11,1,24.48
42,consumption,buyer,12,1,24.48
42,consumption,buyer,7,1,24.48
42,consumption,buyer,14,1,24.479999999999997
43,labor,seller,3,1,0
43,labor,seller,15,1,0
43,labor,seller,5,1,0
43,labor,seller,6,1,0
43,labor,seller,0,1,0
43,labor,seller,14,1,1
43,labor,seller,7,1,1
43,labor,seller,1,1,1
43,labor,seller,13,1,1
43,labor,seller,16,1,1
43,labor,seller,10,1,1
43,labor,seller,18,1,1
43,labor,seller,19,1,1
43,labor,seller,4,1,1
43,labor,seller,8,1,1
43,labor,seller,11,1,1
43,labor,seller,17,1,1
43,labor,seller,12,1,1
43,labor,seller,9,1,1
43,labor,seller,2,1,1
44,capital,seller,21,20,0.03518437208883203
44,capital,seller,20,20,0.03518437208883203
45,consumption,buyer,7,1,24.48
45,consumption,buyer,1,1,24.48
45,consumption,buyer,13,1,24.48
45,consumption,buyer,16,1,24.48
45,consumption,buyer,10,1,24.48
45,consumption,buyer,18,1,24.48
45,consumption,buyer,19,1,24.48
45,consumption,buyer,4,1,24.48
45,consumption,buyer,8,1,24.48
45,consumption,buyer,11,1,24.48
45,consumption,buyer,17,1,24.48
45,consumption,buyer,12,1,24.48
45,consumption,buyer,9,1,24.48
45,consumption,buyer,2,1,24.48
45,consumption,buyer,14,1,24.479999999999997
46,labor,seller,3,1,0
46,labor,seller,0,1,0
46,labor,seller,15,1,0
46,labor,seller,5,1,0
46,labor,seller,6,1,0
46,labor,seller,11,1,1
46,labor,seller,8,1,1
46,labor,seller,10,1,1
46,labor,seller,9,1,1
46,labor,seller,12,1,1
46,labor,seller,14,1,1
46,labor,seller,18,1,1
46,labor,seller,1,1,1
46,labor,seller,17,1,1
46,labor,seller,19,1,1
46,labor,seller,16,1,1
46,labor,seller,7,1,1
46,labor,seller,13,1,1
46,labor,seller,2,1,1
46,labor,seller,4,1,1
47,capital,seller,21,20,0.028147497671065627
47,capital,seller,20,20,0.028147497671065627
48,consumption,buyer,11,1,24.48
48,consumption,buyer,8,1,24.48
48,consumption,buyer,10,1,24.48
48,consumption,buyer,9,1,24.48
48,consumption,buyer,12,1,24.48
48,consumption,buyer,18,1,24.48
48,consumption,buyer,1,1,24.48
48,consumption,buyer,17,1,24.48
48,consumption,buyer,19,1,24.48
48,consumption,buyer,16,1,24.48
48,consumption,buyer,7,1,24.48
48,consumption,buyer,13,1,24.48
48,consumption,buyer,2,1,24.48
48,consumption,buyer,4,1,24.48
48,consumption,buyer,14,1,24.479999999999997
49,labor,seller,6,1,0
49,labor,seller,15,1,0
49,labor,seller,0,1,0
49,labor,seller,5,1,0
49,labor,seller,3,1,0
49,labor,seller,9,1,1
49,labor,seller,7,1,1
49,labor,seller,16,1,1
49,labor,seller,10,1,1
49,labor,seller,11,1,1
49,labor,seller,19,1,1
49,labor,seller,17,1,1
49,labor,seller,8,1,1
49,labor,seller,13,1,1
49,labor,seller,1,1,1
49,labor,seller,2,1,1
49,labor,seller,14,1,1
49,labor,seller,12,1,1
49,labor,seller,18,1,1
49,labor,seller,4,1,1
50,capital,seller,21,20,0.022517998136852502
50,capital,seller,20,20,0.022517998136852502
51,consumption,buyer,9,1,24.48
51,consumption,buyer,7,1,24.48
51,consumption,buyer,16,1,24.48
51,consumption,buyer,10,1,24.48
51,consumption,buyer,11,1,24.48
51,consumption,buyer,19,1,24.48
51,consumption,buyer,17,1,24.48
51,consumption,buyer,8,1,24.48
51,consumption,buyer,13,1,24.48
51,consumption,buyer,1,1,24.48
51,consumption,buyer,2,1,24.48
51,consumption,buyer,12,1,24.48
51,consumption,buyer,18,1,24.48
51,consumption,buyer,4,1,24.48
51,consumption,buyer,14,1,24.479999999999997
52,labor,seller,6,1,0
52,labor,seller,15,1,0
52,labor,seller,0,1,0
52,labor,seller,3,1,0
52,labor,seller,5,1,0
52,labor,seller,18,1,1
52,labor,seller,14,1,1
52,labor,seller,10,1,1
52,labor,seller,12,1,1
52,labor,seller,11,1,1
52,labor,seller,17,1,1
52,labor,seller,19,1,1
52,labor,seller,8,1,1
52,labor,seller,13,1,1
52,labor,seller,7,1,1
52,labor,seller,4,1,1
52,labor,seller,1,1,1
52,labor,seller,9,1,1
52,labor,seller,2,1,1
52,labor,seller,16,1,1
53,capital,seller,21,20,0.018014398509482003
53,capital,seller,20,20,0.018014398509482003
54,consumption,buyer,18,1,24.48
54,consumption,buyer,10,1,24.48
54,consumption,buyer,12,1,24.48
54,consumption,buyer,11,1,24.48
54,consumption,buyer,17,1,24.48
54,consumption,buyer,19,1,24.48
54,consumption,buyer,8,1,24.48
54,consumption,buyer,13,1,24.48
54,consumption,buyer,7,1,24.48
54,consumption,buyer,4,1,24.48
54,consumption,buyer,1,1,24.48
54,consumption,buyer,9,1,24.48
54,consumption,buyer,2,1,24.48
54,consumption,buyer,16,1,24.48
54,consumption,buyer,14,1,24.479999999999997
55,labor,seller,6,1,0
55,labor,seller,15,1,0
55,labor,seller,0,1,0
55,labor,seller,5,1,0
55,labor,seller,3,1,0
55,labor,seller,13,1,1
55,labor,seller,8,1,1
55,labor,seller,19,1,1
55,labor,seller,9,1,1
55,labor,seller,17,1,1
55,labor,seller,10,1,1
55,labor,seller,4,1,1
55,labor,seller,11,1,1
55,labor,seller,18,1,1
55,labor,seller,7,1,1
55,labor,seller,14,1,1
55,labor,seller,12,1,1
55,labor,seller,16,1,1
55,labor,seller,1,1,1
55,labor,seller,2,1,1
56,capital,seller,21,20,0.014411518807585602
56,capital,seller,20,20,0.014411518807585602
57,consumption,buyer,13,1,24.48
57,consumption,buyer,8,1,24.48
57,consumption,buyer,19,1,24.48
57,consumption,buyer,9,1,24.48
57,consumption,buyer,17,1,24.48
57,consumption,buyer,10,1,24.48
57,consumption,buyer,4,1,24.48
57,consumption,buyer,11,1,24.48
57,consumption,buyer,18,1,24.48
57,consumption,buyer,7,1,24.48
57,consumption,buyer,12,1,24.48
57,consumption,buyer,16,1,24.48
57,consumption,buyer,1,1,24.48
57,consumption,buyer,2,1,24.48
57,consumption,buyer,14,1,24.479999999999997
58,labor,seller,3,1,0
58,labor,seller,0,1,0
58,labor,seller,6,1,0
58,labor,seller,5,1,0
58,labor,seller,15,1,0
58,labor,seller,2,1,1
58,labor,seller,9,1,1
58,labor,seller,14,1,1
58,labor,seller,4,1,1
58,labor,seller,19,1,1
58,labor,seller,16,1,1
58,labor,seller,1,1,1
58,labor,seller,8,1,1
58,labor,seller,18,1,1
58,labor,seller,17,1,1
58,labor,seller,10,1,1
58,labor,seller,11,1,1
58,labor,seller,13,1,1
58,labor,seller,12,1,1
58,labor,seller,7,1,1
59,capital,seller,21,20,0.011529215046068483
59,capital,seller,20,20,0.011529215046068483
60,consumption,buyer,2,1,24.48
60,consumption,buyer,9,1,24.48
60,consumption,buyer,4,1,24.48
60,consumption,buyer,19,1,24.48
60,consumption,buyer,16,1,24.48
60,consumption,buyer,1,1,24.48
60,consumption,buyer,8,1,24.48
60,consumption,buyer,18,1,24.48
60,consumption,buyer,17,1,24.48
60,consumption,buyer,10,1,24.48
60,consumption,buyer,11,1,24.48
60,consumption,buyer,13,1,24.48
60,consumption,buyer,12,1,24.48
60,consumption,buyer,7,1,24.48
60,consumption,buyer,14,1,24.479999999999997
61,labor,seller,0,1,0
61,labor,seller,15,1,0
61,labor,seller,5,1,0
61,labor,seller,3,1,0
61,labor,seller,6,1,0
61,labor,seller,4,1,1
61,labor,seller,1,1,1
61,labor,seller,14,1,1
61,labor,seller,12,1,1
61,labor,seller,19,1,1
61,labor,seller,13,1,1
61,labor,seller,8,1,1
61,labor,seller,16,1,1
61,labor,seller,7,1,1
61,labor,seller,17,1,1
61,labor,seller,18,1,1
61,labor,seller,2,1,1
61,labor,seller,9,1,1
61,labor,seller,10,1,1
61,labor,seller,11,1,1
62,capital,seller,20,20,0.01
62,capital,seller,21,20,0.01
63,consumption,buyer,4,1,24.48
63,consumption,buyer,1,1,24.48
63,consumption,buyer,12,1,24.48
63,consumption,buyer,19,1,24.48
63,consumption,buyer,13,1,24.48
63,consumption,buyer,8,1,24.48
63,consumption,buyer,16,1,24.48
63,consumption,buyer,7,1,24.48
63,consumption,buyer,17,1,24.48
63,consumption,buyer,18,1,24.48
63,consumption,buyer,2,1,24.48
63,consumption,buyer,9,1,24.48
63,consumption,buyer,10,1,24.48
63,consumption,buyer,11,1,24.48
63,consumption,buyer,14,1,24.479999999999997
64,labor,seller,5,1,0
64,labor,seller,0,1,0
64,labor,seller,3,1,0
64,labor,seller,6,1,0
64,labor,seller,15,1,0
64,labor,seller,10,1,1
64,labor,seller,11,1,1
64,labor,seller,16,1,1
64,labor,seller,18,1,1
64,labor,seller,8,1,1
64,labor,seller,14,1,1
64,labor,seller,17,1,1
64,labor,seller,1,1,1
64,labor,seller,7,1,1
64,labor,seller,19,1,1
64,labor,seller,4,1,1
64,labor,seller,13,1,1
64,labor,seller,9,1,1
64,labor,seller,12,1,1
64,labor,seller,2,1,1
65,capital,seller,21,20,0.01
65,capital,seller,20,20,0.01
66,consumption,buyer,10,1,24.48
66,consumption,buyer,11,1,24.48
66,consumption,buyer,16,1,24.48
66,consumption,buyer,18,1,24.48
66,consumption,buyer,8,1,24.48
66,consumption,buyer,17,1,24.48
66,consumption,buyer,1,1,24.48
66,consumption,buyer,7,1,24.48
66,consumption,buyer,19,1,24.48
66,consumption,buyer,4,1,24.48
66,consumption,buyer,13,1,24.48
66,consumption,buyer,9,1,24.48
66,consumption,buyer,12,1,24.48
66,consumption,buyer,2,1,24.48
66,consumption,buyer,14,1,24.479999999999997
67,labor,seller,5,1,0
67,labor,seller,6,1,0
67,labor,seller,15,1,0
67,labor,seller,0,1,0
67,labor,seller,3,1,0
67,labor,seller,19,1,1
67,labor,seller,7,1,1
67,labor,seller,1,1,1
67,labor,seller,9,1,1
67,labor,seller,14,1,1
67,labor,seller,17,1,1
67,labor,seller,12,1,1
67,labor,seller,18,1,1
67,labor,seller,8,1,1
67,labor,seller,16,1,1
67,labor,seller,4,1,1
67,labor,seller,10,1,1
67,labor,seller,13,1,1
67,labor,seller,11,1,1
67,labor,seller,2,1,1
68,capital,seller,20,20,0.01
68,capital,seller,21,20,0.01
69,consumption,buyer,19,1,24.48
69,consumption,buyer,7,1,24.48
69,consumption,buyer,1,1,24.48
69,consumption,buyer,9,1,24.48
69,consumption,buyer,17,1,24.48
69,consumption,buyer,12,1,24.48
69,consumption,buyer,18,1,24.48
69,consumption,buyer,8,1,24.48
69,consumption,buyer,16,1,24.48
69,consumption,buyer,4,1,24.48
69,consumption,buyer,10,1,24.48
69,consumption,buyer,13,1,24.48
69,consumption,buyer,11,1,24.48
69,consumption,buyer,2,1,24.48
69,consumption,buyer,14,1,24.479999999999997
70,labor,seller,5,1,0
70,labor,seller,15,1,0
70,labor,seller,0,1,0
70,labor,seller,6,1,0
70,labor,seller,3,1,0
70,labor,seller,18,1,1
70,labor,seller,2,1,1
70,labor,seller,12,1,1
70,labor,seller,8,1,1
70,labor,seller,13,1,1
70,labor,seller,16,1,1
70,labor,seller,19,1,1
70,labor,seller,1,1,1
70,labor,seller,10,1,1
70,labor,seller,11,1,1
70,labor,seller,9,1,1
70,labor,seller,17,1,1
70,labor,seller,4,1,1
70,labor,seller,7,1,1
70,labor,seller,14,1,1
71,capital,seller,20,20,0.01
71,capital,seller,21,20,0.01
72,consumption,buyer,18,1,24.48
72,consumption,buyer,2,1,24.48
72,consumption,buyer,12,1,24.48
72,consumption,buyer,8,1,24.48
72,consumption,buyer,13,1,24.48
72,consumption,buyer,16,1,24.48
72,consumption,buyer,19,1,24.48
72,consumption,buyer,1,1,24.48
72,consumption,buyer,10,1,24.48
72,consumption,buyer,11,1,24.48
72,consumption,buyer,9,1,24.48
72,consumption,buyer,17,1,24.48
72,consumption,buyer,4,1,24.48
72,consumption,buyer,7,1,24.48
72,consumption,buyer,14,1,24.479999999999997
73,labor,seller,3,1,0
73,labor,seller,15,1,0
73,labor,seller,6,1,0
73,labor,seller,5,1,0
73,labor,seller,0,1,0
73,labor,seller,7,1,1
73,labor,seller,17,1,1
73,labor,seller,12,1,1
73,labor,seller,1,1,1
73,labor,seller,13,1,1
73,labor,seller,16,1,1
73,labor,seller,19,1,1
73,labor,seller,14,1,1
73,labor,seller,4,1,1
73,labor,seller,18,1,1
73,labor,seller,9,1,1
73,labor,seller,8,1,1
73,labor,seller,11,1,1
73,labor,seller,2,1,1
73,labor,seller,10,1,1
74,capital,seller,20,20,0.01
74,capital,seller,21,20,0.01
75,consumption,buyer,7,1,24.48
75,consumption,buyer,17,1,24.48
75,consumption,buyer,12,1,24.48
75,consumption,buyer,1,1,24.48
75,consumption,buyer,13,1,24.48
75,consumption,buyer,16,1,24.48
75,consumption,buyer,19,1,24.48
75,consumption,buyer,4,1,24.48
75,consumption,buyer,18,1,24.48
75,consumption,buyer,9,1,24.48
75,consumption,buyer,8,1,24.48
75,consumption,buyer,11,1,24.48
75,consumption,buyer,2,1,24.48
75,consumption,buyer,10,1,24.48
75,consumption,buyer,14,1,24.479999999999997
76,labor,seller,6,1,0
76,labor,seller,0,1,0
76,labor,seller,3,1,0
76,labor,seller,15,1,0
76,labor,seller,5,1,0
76,labor,seller,18,1,1
76,labor,seller,16,1,1
76,labor,seller,14,1,1
76,labor,seller,2,1,1
76,labor,seller,9,1,1
76,labor,seller,12,1,1
76,labor,seller,1,1,1
76,labor,seller,17,1,1
76,labor,seller,11,1,1
76,labor,seller,19,1,1
76,labor,seller,4,1,1
76,labor,seller,10,1,1
76,labor,seller,8,1,1
76,labor,seller,13,1,1
76,labor,seller,7,1,1
77,capital,seller,20,20,0.01
77,capital,seller,21,20,0.01
78,consumption,buyer,18,1,24.48
78,consumption,buyer,16,1,24.48
78,consumption,buyer,2,1,24.48
78,consumption,buyer,9,1,24.48
78,consumption,buyer,12,1,24.48
78,consumption,buyer,1,1,24.48
78,consumption,buyer,17,1,24.48
78,consumption,buyer,11,1,24.48
78,consumption,buyer,19,1,24.48
78,consumption,buyer,4,1,24.48
78,consumption,buyer,10,1,24.48
78,consumption,buyer,8,1,24.48
78,consumption,buyer,13,1,24.48
78,consumption,buyer,7,1,24.48
78,consumption,buyer,14,1,24.479999999999997
79,labor,seller,15,1,0
79,labor,seller,6,1,0
79,labor,seller,5,1,0
79,labor,seller,3,1,0
79,labor,seller,0,1,0
79,labor,seller,4,1,1
79,labor,seller,2,1,1
79,labor,seller,13,1,1
79,labor,seller,9,1,1
79,labor,seller,11,1,1
79,labor,seller,18,1,1
79,labor,seller,1,1,1
79,labor,seller,8,1,1
79,labor,seller,17,1,1
79,labor,seller,10,1,1
79,labor,seller,7,1,1
79,labor,seller,12,1,1
79,labor,seller,14,1,1
79,labor,seller,16,1,1
79,labor,seller,19,1,1
80,capital,seller,21,20,0.01
80,capital,seller,20,20,0.01
81,consumption,buyer,4,1,24.48
81,consumption,buyer,2,1,24.48
81,consumption,buyer,13,1,24.48
81,consumption,buyer,9,1,24.48
81,consumption,buyer,11,1,24.48
81,consumption,buyer,18,1,24.48
81,consumption,buyer,1,1,24.48
81,consumption,buyer,8,1,24.48
81,consumption,buyer,17,1,24.48
81,consumption,buyer,10,1,24.48
81,consumption,buyer,7,1,24.48
81,consumption,buyer,12,1,24.48
81,consumption,buyer,16,1,24.48
81,consumption,buyer,19,1,24.48
81,consumption,buyer,14,1,24.479999999999997
82,labor,seller,3,1,0
82,labor,seller,0,1,0
82,labor,seller,6,1,0
82,labor,seller,15,1,0
82,labor,seller,5,1,0
82,labor,seller,4,1,1
82,labor,seller,14,1,1
82,labor,seller,2,1,1
82,labor,seller,17,1,1
82,labor,seller,7,1,1
82,labor,seller,12,1,1
82,labor,seller,1,1,1
82,labor,seller,13,1,1
82,labor,seller,18,1,1
82,labor,seller,16,1,1
82,labor,seller,9,1,1
82,labor,seller,19,1,1
82,labor,seller,11,1,1
82,labor,seller,8,1,1
82,labor,seller,10,1,1
83,capital,seller,21,20,0.01
83,capital,seller,20,20,0.01
84,consumption,buyer,4,1,24.48
84,consumption,buyer,2,1,24.48
84,consumption,buyer,17,1,24.48
84,consumption,buyer,7,1,24.48
84,consumption,buyer,12,1,24.48
84,consumption,buyer,1,1,24.48
84,consumption,buyer,13,1,24.48
84,consumption,buyer,18,1,24.48
84,consumption,buyer,16,1,24.48
84,consumption,buyer,9,1,24.48
84,consumption,buyer,19,1,24.48
84,consumption,buyer,11,1,24.48
84,consumption,buyer,8,1,24.48
84,consumption,buyer,10,1,24.48
84,consumption,buyer,14,1,24.479999999999997
85,labor,seller,0,1,0
85,labor,seller,15,1,0
85,labor,seller,6,1,0
85,labor,seller,5,1,0
85,labor,seller,3,1,0
85,labor,seller,10,1,1
85,labor,seller,18,1,1
85,labor,seller,14,1,1
85,labor,seller,19,1,1
85,labor,seller,17,1,1
85,labor,seller,7,1,1
85,labor,seller,12,1,1
85,labor,seller,1,1,1
85,labor,seller,16,1,1
85,labor,seller,8,1,1
85,labor,seller,11,1,1
85,labor,seller,4,1,1
85,labor,seller,13,1,1
85,labor,seller,2,1,1
85,labor,seller,9,1,1
86,capital,seller,20,20,0.01
86,capital,seller,21,20,0.01
87,consumption,buyer,10,1,24.48
87,consumption,buyer,18,1,24.48
87,consumption,buyer,19,1,24.48
87,consumption,buyer,17,1,24.48
87,consumption,buyer,7,1,24.48
87,consumption,buyer,12,1,24.48
87,consumption,buyer,1,1,24.48
87,consumption,buyer,16,1,24.48
87,consumption,buyer,8,1,24.48
87,consumption,buyer,11,1,24.48
87,consumption,buyer,4,1,24.48
87,consumption,buyer,13,1,24.48
87,consumption,buyer,2,1,24.48
87,consumption,buyer,9,1,24.48
87,consumption,buyer,14,1,24.479999999999997
88,labor,seller,3,1,0
88,labor,seller,5,1,0
88,labor,seller,15,1,0
88,labor,seller,0,1,0
88,labor,seller,6,1,0
88,labor,seller,2,1,1
88,labor,seller,9,1,1
88,labor,seller,11,1,1
88,labor,seller,8,1,1
88,labor,seller,14,1,1
88,labor,seller,4,1,1
88,labor,seller,7,1,1
88,labor,seller,1,1,1
88,labor,seller,12,1,1
88,labor,seller,19,1,1
88,labor,seller,10,1,1
88,labor,seller,18,1,1
88,labor,seller,13,1,1
88,labor,seller,17,1,1
88,labor,seller,16,1,1
89,capital,seller,20,20,0.01
89,capital,seller,21,20,0.01
90,consumption,buyer,2,1,24.48
90,consumption,buyer,9,1,24.48
90,consumption,buyer,11,1,24.48
90,consumption,buyer,8,1,24.48
90,consumption,buyer,4,1,24.48
90,consumption,buyer,7,1,24.48
90,consumption,buyer,1,1,24.48
90,consumption,buyer,12,1,24.48
90,consumption,buyer,19,1,24.48
90,consumption,buyer,10,1,24.48
90,consumption,buyer,18,1,24.48
90,consumption,buyer,13,1,24.48
90,consumption,buyer,17,1,24.48
90,consumption,buyer,16,1,24.48
90,consumption,buyer,14,1,24.479999999999997
91,labor,seller,5,1,0
91,labor,seller,0,1,0
91,labor,seller,3,1,0
91,labor,seller,6,1,0
91,labor,seller,15,1,0
91,labor,seller,10,1,1
91,labor,seller,7,1,1
91,labor,seller,12,1,1
91,labor,seller,11,1,1
91,labor,seller,19,1,1
91,labor,seller,13,1,1
91,labor,seller,18,1,1
91,labor,seller,9,1,1
91,labor,seller,4,1,1
91,labor,seller,14,1,1
91,labor,seller,17,1,1
91,labor,seller,16,1,1
91,labor,seller,2,1,1
91,labor,seller,1,1,1
91,labor,seller,8,1,1
92,capital,seller,20,20,0.01
92,capital,seller,21,20,0.01
93,consumption,buyer,10,1,24.48
93,consumption,buyer,7,1,24.48
93,consumption,buyer,12,1,24.48
93,consumption,buyer,11,1,24.48
93,consumption,buyer,19,1,24.48
93,consumption,buyer,13,1,24.48
93,consumption,buyer,18,1,24.48
93,consumption,buyer,9,1,24.48
93,consumption,buyer,4,1,24.48
93,consumption,buyer,17,1,24.48
93,consumption,buyer,16,1,24.48
93,consumption,buyer,2,1,24.48
93,consumption,buyer,1,1,24.48
93,consumption,buyer,8,1,24.48
93,consumption,buyer,14,1,24.479999999999997
94,labor,seller,0,1,0
94,labor,seller,15,1,0
94,labor,seller,6,1,0
94,labor,seller,5,1,0
94,labor,seller,3,1,0
94,labor,seller,2,1,1
94,labor,seller,13,1,1
94,labor,seller,16,1,1
94,labor,seller,11,1,1
94,labor,seller,7,1,1
94,labor,seller,17,1,1
94,labor,seller,1,1,1
94,labor,seller,12,1,1
94,labor,seller,8,1,1
94,labor,seller,9,1,1
94,labor,seller,18,1,1
94,labor,seller,14,1,1
94,labor,seller,10,1,1
94,labor,seller,19,1,1
94,labor,seller,4,1,1
95,capital,seller,20,20,0.01
95,capital,seller,21,20,0.01
96,consumption,buyer,2,1,24.48
96,consumption,buyer,13,1,24.48
96,consumption,buyer,16,1,24.48
96,consumption,buyer,11,1,24.48
96,consumption,buyer,7,1,24.48
96,consumption,buyer,17,1,24.48
96,consumption,buyer,1,1,24.48
96,consumption,buyer,12,1,24.48
96,consumption,buyer,8,1,24.48
96,consumption,buyer,9,1,24.48
96,consumption,buyer,18,1,24.48
96,consumption,buyer,10,1,24.48
96,consumption,buyer,19,1,24.48
96,consumption,buyer,4,1,24.48
96,consumption,buyer,14,1,24.479999999999997
97,labor,seller,0,1,0
97,labor,seller,5,1,0
97,labor,seller,15,1,0
97,labor,seller,6,1,0
97,labor,seller,3,1,0
97,labor,seller,18,1,1
97,labor,seller,11,1,1
97,labor,seller,8,1,1
97,labor,seller,7,1,1
97,labor,seller,1,1,1
97,labor,seller,9,1,1
97,labor,seller,10,1,1
97,labor,seller,19,1,1
97,labor,seller,4,1,1
97,labor,seller,14,1,1
97,labor,seller,2,1,1
97,labor,seller,12,1,1
97,labor,seller,17,1,1
97,labor,seller,16,1,1
97,labor,seller,13,1,1
98,capital,seller,20,20,0.01
98,capital,seller,21,20,0.01
99,consumption,buyer,18,1,24.48
99,consumption,buyer,11,1,24.48
99,consumption,buyer,8,1,24.48
99,consumption,buyer,7,1,24.48
99,consumption,buyer,1,1,24.48
99,consumption,buyer,9,1,24.48
99,consumption,buyer,10,1,24.48
99,consumption,buyer,19,1,24.48
99,consumption,buyer,4,1,24.48
99,consumption,buyer,2,1,24.48
99,consumption,buyer,12,1,24.48
99,consumption,buyer,17,1,24.48
99,consumption,buyer,16,1,24.48
99,consumption,buyer,13,1,24.48
99,consumption,buyer,14,1,24.479999999999997
100,labor,seller,5,1,0
100,labor,seller,15,1,0
100,labor,seller,3,1,0
100,labor,seller,0,1,0
100,labor,seller,6,1,0
100,labor,seller,12,1,1
100,labor,seller,2,1,1
100,labor,seller,10,1,1
100,labor,seller,17,1,1
100,labor,seller,4,1,1
100,labor,seller,1,1,1
100,labor,seller,7,1,1
100,labor,seller,14,1,1
100,labor,seller,16,1,1
100,labor,seller,18,1,1
100,labor,seller,8,1,1
100,labor,seller,9,1,1
100,labor,seller,13,1,1
100,labor,seller,11,1,1
100,labor,seller,19,1,1
101,capital,seller,20,20,0.01
101,capital,seller,21,20,0.01
102,consumption,buyer,12,1,24.48
102,consumption,buyer,2,1,24.48
102,consumption,buyer,10,1,24.48
102,consumption,buyer,17,1,24.48
102,consumption,buyer,4,1,24.48
102,consumption,buyer,1,1,24.48
102,consumption,buyer,7,1,24.48
102,consumption,buyer,16,1,24.48
102,consumption,buyer,18,1,24.48
102,consumption,buyer,8,1,24.48
102,consumption,buyer,9,1,24.48
102,consumption,buyer,13,1,24.48
102,consumption,buyer,11,1,24.48
102,consumption,buyer,19,1,24.48
102,consumption,buyer,14,1,24.479999999999997
103,labor,seller,0,1,0
103,labor,seller,3,1,0
103,labor,seller,15,1,0
103,labor,seller,6,1,0
103,labor,seller,5,1,0
103,labor,seller,19,1,1
103,labor,seller,12,1,1
103,labor,seller,18,1,1
103,labor,seller,13,1,1
103,labor,seller,16,1,1
103,labor,seller,14,1,1
103,labor,seller,9,1,1
103,labor,seller,4,1,1
103,labor,seller,7,1,1
103,labor,seller,8,1,1
103,labor,seller,10,1,1
103,labor,seller,11,1,1
103,labor,seller,2,1,1
103,labor,seller,17,1,1
103,labor,seller,1,1,1
104,capital,seller,20,20,0.01
104,capital,seller,21,20,0.01
105,consumption,buyer,19,1,24.48
105,consumption,buyer,12,1,24.48
105,consumption,buyer,18,1,24.48
105,consumption,buyer,13,1,24.48
105,consumption,buyer,16,1,24.48
105,consumption,buyer,9,1,24.48
105,consumption,buyer,4,1,24.48
105,consumption,buyer,7,1,24.48
105,consumption,buyer,8,1,24.48
105,consumption,buyer,10,1,24.48
105,consumption,buyer,11,1,24.48
105,consumption,buyer,2,1,24.48
105,consumption,buyer,17,1,24.48
105,consumption,buyer,1,1,24.48
105,consumption,buyer,14,1,24.479999999999997
106,labor,seller,6,1,0
106,labor,seller,0,1,0
106,labor,seller,3,1,0
106,labor,seller,5,1,0
106,labor,seller,15,1,0
106,labor,seller,2,1,1
106,labor,seller,10,1,1
106,labor,seller,1,1,1
106,labor,seller,14,1,1
106,labor,seller,8,1,1
106,labor,seller,19,1,1
106,labor,seller,17,1,1
106,labor,seller,16,1,1
106,labor,seller,9,1,1
106,labor,seller,13,1,1
106,labor,seller,12,1,1
106,labor,seller,4,1,1
106,labor,seller,18,1,1
106,labor,seller,11,1,1
106,labor,seller,7,1,1
107,capital,seller,20,20,0.01
107,capital,seller,21,20,0.01
108,consumption,buyer,2,1,24.48
108,consumption,buyer,10,1,24.48
108,consumption,buyer,1,1,24.48
108,consumption,buyer,8,1,24.48
108,consumption,buyer,19,1,24.48
108,consumption,buyer,17,1,24.48
108,consumption,buyer,16,1,24.48
108,consumption,buyer,9,1,24.48
108,consumption,buyer,13,1,24.48
108,consumption,buyer,12,1,24.48
108,consumption,buyer,4,1,24.48
108,consumption,buyer,18,1,24.48
108,consumption,buyer,11,1,24.48
108,consumption,buyer,7,1,24.48
108,consumption,buyer,14,1,24.479999999999997
109,labor,seller,5,1,0
109,labor,seller,0,1,0
109,labor,seller,15,1,0
109,labor,seller,6,1,0
109,labor,seller,3,1,0
109,labor,seller,19,1,1
109,labor,seller,16,1,1
109,labor,seller,1,1,1
109,labor,seller,11,1,1
109,labor,seller,4,1,1
109,labor,seller,8,1,1
109,labor,seller,17,1,1
109,labor,seller,14,1,1
109,labor,seller,18,1,1
109,labor,seller,2,1,1
109,labor,seller,10,1,1
109,labor,seller,13,1,1
109,labor,seller,9,1,1
109,labor,seller,12,1,1
109,labor,seller,7,1,1
110,capital,seller,21,20,0.01
110,capital,seller,20,20,0.01
111,consumption,buyer,19,1,24.48
111,consumption,buyer,16,1,24.48
111,consumption,buyer,1,1,24.48
111,consumption,buyer,11,1,24.48
111,consumption,buyer,4,1,24.48
111,consumption,buyer,8,1,24.48
111,consumption,buyer,17,1,24.48
111,consumption,buyer,18,1,24.48
111,consumption,buyer,2,1,24.48
111,consumption,buyer,10,1,24.48
111,consumption,buyer,13,1,24.48
111,consumption,buyer,9,1,24.48
111,consumption,buyer,12,1,24.48
111,consumption,buyer,7,1,24.48
111,consumption,buyer,14,1,24.479999999999997
112,labor,seller,5,1,0
112,labor,seller,3,1,0
112,labor,seller,0,1,0
112,labor,seller,6,1,0
112,labor,seller,15,1,0
112,labor,seller,9,1,1
112,labor,seller,2,1,1
112,labor,seller,1,1,1
112,labor,seller,19,1,1
112,labor,seller,10,1,1
112,labor,seller,16,1,1
112,labor,seller,14,1,1
112,labor,seller,12,1,1
112,labor,seller,7,1,1
112,labor,seller,4,1,1
112,labor,seller,17,1,1
112,labor,seller,13,1,1
112,labor,seller,8,1,1
112,labor,seller,11,1,1
112,labor,seller,18,1,1
113,capital,seller,20,20,0.01
113,capital,seller,21,20,0.01
114,consumption,buyer,9,1,24.48
114,consumption,buyer,2,1,24.48
114,consumption,buyer,1,1,24.48
114,consumption,buyer,19,1,24.48
114,consumption,buyer,10,1,24.48
114,consumption,buyer,16,1,24.48
114,consumption,buyer,12,1,24.48
114,consumption,buyer,7,1,24.48
114,consumption,buyer,4,1,24.48
114,consumption,buyer,17,1,24.48
114,consumption,buyer,13,1,24.48
114,consumption,buyer,8,1,24.48
114,consumption,buyer,11,1,24.48
114,consumption,buyer,18,1,24.48
114,consumption,buyer,14,1,24.479999999999997
115,labor,seller,3,1,0
115,labor,seller,5,1,0
115,labor,seller,0,1,0
115,labor,seller,6,1,0
115,labor,seller,15,1,0
115,labor,seller,19,1,1
115,labor,seller,13,1,1
115,labor,seller,12,1,1
115,labor,seller,2,1,1
115,labor,seller,9,1,1
115,labor,seller,10,1,1
115,labor,seller,1,1,1
115,labor,seller,7,1,1
115,labor,seller,11,1,1
115,labor,seller,8,1,1
115,labor,seller,16,1,1
115,labor,seller,4,1,1
115,labor,seller,17,1,1
115,labor,seller,14,1,1
115,labor,seller,18,1,1
116,capital,seller,20,20,0.01
116,capital,seller,21,20,0.01
117,consumption,buyer,19,1,24.48
117,consumption,buyer,13,1,24.48
117,consumption,buyer,12,1,24.48
117,consumption,buyer,2,1,24.48
117,consumption,buyer,9,1,24.48
117,consumption,buyer,10,1,24.48
117,consumption,buyer,1,1,24.48
117,consumption,buyer,7,1,24.48
117,consumption,buyer,11,1,24.48
117,consumption,buyer,8,1,24.48
117,consumption,buyer,16,1,24.48
117,consumption,buyer,4,1,24.48
117,consumption,buyer,17,1,24.48
117,consumption,buyer,18,1,24.48
117,consumption,buyer,14,1,24.479999999999997
118,labor,seller,6,1,0
118,labor,seller,15,1,0
118,labor,seller,5,1,0
118,labor,seller,3,1,0
118,labor,seller,0,1,0
118,labor,seller,18,1,1
118,labor,seller,11,1,1
118,labor,seller,14,1,1
118,labor,seller,19,1,1
118,labor,seller,13,1,1
118,labor,seller,9,1,1
118,labor,seller,7,1,1
118,labor,seller,10,1,1
118,labor,seller,2,1,1
118,labor,seller,1,1,1
118,labor,seller,4,1,1
118,labor,seller,17,1,1
118,labor,seller,12,1,1
118,labor,seller,16,1,1
118,labor,seller,8,1,1
119,capital,seller,20,20,0.01
119,capital,seller,21,20,0.01
120,consumption,buyer,18,1,24.48
120,consumption,buyer,11,1,24.48
120,consumption,buyer,19,1,24.48
120,consumption,buyer,13,1,24.48
120,consumption,buyer,9,1,24.48
120,consumption,buyer,7,1,24.48
120,consumption,buyer,10,1,24.48
120,consumption,buyer,2,1,24.48
120,consumption,buyer,1,1,24.48
120,consumption,buyer,4,1,24.48
120,consumption,buyer,17,1,24.48
120,consumption,buyer,12,1,24.48
120,consumption,buyer,16,1,24.48
120,consumption,buyer,8,1,24.48
120,consumption,buyer,14,1,24.479999999999997
121,labor,seller,5,1,0
121,labor,seller,6,1,0
121,labor,seller,3,1,0
121,labor,seller,0,1,0
121,labor,seller,15,1,0
121,labor,seller,17,1,1
121,labor,seller,13,1,1
121,labor,seller,18,1,1
121,labor,seller,8,1,1
121,labor,seller,1,1,1
121,labor,seller,12,1,1
121,labor,seller,2,1,1
121,labor,seller,11,1,1
121,labor,seller,16,1,1
121,labor,seller,10,1,1
121,labor,seller,9,1,1
121,labor,seller,19,1,1
121,labor,seller,7,1,1
121,labor,seller,4,1,1
121,labor,seller,14,1,1
122,capital,seller,20,20,0.01
122,capital,seller,21,20,0.01
123,consumption,buyer,17,1,24.48
123,consumption,buyer,13,1,24.48
123,consumption,buyer,18,1,24.48
123,consumption,buyer,8,1,24.48
123,consumption,buyer,1,1,24.48
123,consumption,buyer,12,1,24.48
123,consumption,buyer,2,1,24.48
123,consumption,buyer,11,1,24.48
123,consumption,buyer,16,1,24.48
123,consumption,buyer,10,1,24.48
123,consumption,buyer,9,1,24.48
123,consumption,buyer,19,1,24.48
123,consumption,buyer,7,1,24.48
123,consumption,buyer,4,1,24.48
123,consumption,buyer,14,1,24.479999999999997
124,labor,seller,5,1,0
124,labor,seller,15,1,0
124,labor,seller,0,1,0
124,labor,seller,3,1,0
124,labor,seller,6,1,0
124,labor,seller,12,1,1
124,labor,seller,9,1,1
124,labor,seller,2,1,1
124,labor,seller,19,1,1
124,labor,seller,13,1,1
124,labor,seller,8,1,1
124,labor,seller,7,1,1
124,labor,seller,4,1,1
124,labor,seller,17,1,1
124,labor,seller,14,1,1
124,labor,seller,18,1,1
124,labor,seller,11,1,1
124,labor,seller,16,1,1
124,labor,seller,10,1,1
124,labor,seller,1,1,1
125,capital,seller,20,20,0.01
125,capital,seller,21,20,0.01
126,consumption,buyer,12,1,24.48
126,consumption,buyer,9,1,24.48
126,consumption,buyer,2,1,24.48
126,consumption,buyer,19,1,24.48
126,consumption,buyer,13,1,24.48
126,consumption,buyer,8,1,24.48
126,consumption,buyer,7,1,24.48
126,consumption,buyer,4,1,24.48
126,consumption,buyer,17,1,24.48
126,consumption,buyer,18,1,24.48
126,consumption,buyer,11,1,24.48
126,consumption,buyer,16,1,24.48
126,consumption,buyer,10,1,24.48
126,consumption,buyer,1,1,24.48
126,consumption,buyer,14,1,24.479999999999997
127,labor,seller,15,1,0
127,labor,seller,6,1,0
127,labor,seller,0,1,0
127,labor,seller,5,1,0
127,labor,seller,3,1,0
127,labor,seller,9,1,1
127,labor,seller,17,1,1
127,labor,seller,13,1,1
127,labor,seller,7,1,1
127,labor,seller,8,1,1
127,labor,seller,18,1,1
127,labor,seller,1,1,1
127,labor,seller,11,1,1
127,labor,seller,2,1,1
127,labor,seller,10,1,1
127,labor,seller,16,1,1
127,labor,seller,14,1,1
127,labor,seller,12,1,1
127,labor,seller,4,1,1
127,labor,seller,19,1,1
128,capital,seller,21,20,0.01
128,capital,seller,20,20,0.01
129,consumption,buyer,9,1,24.48
129,consumption,buyer,17,1,24.48
129,consumption,buyer,13,1,24.48
129,consumption,buyer,7,1,24.48
129,consumption,buyer,8,1,24.48
129,consumption,buyer,18,1,24.48
129,consumption,buyer,1,1,24.48
129,consumption,buyer,11,1,24.48
129,consumption,buyer,2,1,24.48
129,consumption,buyer,10,1,24.48
129,consumption,buyer,16,1,24.48
129,consumption,buyer,12,1,24.48
129,consumption,buyer,4,1,24.48
129,consumption,buyer,19,1,24.48
129,consumption,buyer,14,1,24.479999999999997
130,labor,seller,3,1,0
130,labor,seller,6,1,0
130,labor,seller,0,1,0
130,labor,seller,5,1,0
130,labor,seller,15,1,0
130,labor,seller,18,1,1
130,labor,seller,19,1,1
130,labor,seller,2,1,1
130,labor,seller,12,1,1
130,labor,seller,1,1,1
130,labor,seller,14,1,1
130,labor,seller,13,1,1
130,labor,seller,4,1,1
130,labor,seller,10,1,1
130,labor,seller,11,1,1
130,labor,seller,16,1,1
130,labor,seller,17,1,1
130,labor,seller,7,1,1
130,labor,seller,8,1,1
130,labor,seller,9,1,1
131,capital,seller,21,20,0.01
131,capital,seller,20,20,0.01
132,consumption,buyer,18,1,24.48
132,consumption,buyer,19,1,24.48
132,consumption,buyer,2,1,24.48
132,consumption,buyer,12,1,24.48
132,consumption,buyer,1,1,24.48
132,consumption,buyer,13,1,24.48
132,consumption,buyer,4,1,24.48
132,consumption,buyer,10,1,24.48
132,consumption,buyer,11,1,24.48
132,consumption,buyer,16,1,24.48
132,consumption,buyer,17,1,24.48
132,consumption,buyer,7,1,24.48
132,consumption,buyer,8,1,24.48
132,consumption,buyer,9,1,24.48
132,consumption,buyer,14,1,24.479999999999997
133,labor,seller,6,1,0
133,labor,seller,3,1,0
133,labor,seller,5,1,0
133,labor,seller,0,1,0
133,labor,seller,15,1,0
133,labor,seller,8,1,1
133,labor,seller,17,1,1
133,labor,seller,7,1,1
133,labor,seller,14,1,1
133,labor,seller,18,1,1
133,labor,seller,4,1,1
133,labor,seller,13,1,1
133,labor,seller,2,1,1
133,labor,seller,1,1,1
133,labor,seller,12,1,1
133,labor,seller,11,1,1
133,labor,seller,9,1,1
133,labor,seller,10,1,1
133,labor,seller,19,1,1
133,labor,seller,16,1,1
134,capital,seller,20,20,0.01
134,capital,seller,21,20,0.01
135,consumption,buyer,8,1,24.48
135,consumption,buyer,17,1,24.48
135,consumption,buyer,7,1,24.48
135,consumption,buyer,18,1,24.48
135,consumption,buyer,4,1,24.48
135,consumption,buyer,13,1,24.48
135,consumption,buyer,2,1,24.48
135,consumption,buyer,1,1,24.48
135,consumption,buyer,12,1,24.48
135,consumption,buyer,11,1,24.48
135,consumption,buyer,9,1,24.48
135,consumption,buyer,10,1,24.48
135,consumption,buyer,19,1,24.48
135,consumption,buyer,16,1,24.48
135,consumption,buyer,14,1,24.479999999999997
136,labor,seller,0,1,0
136,labor,seller,15,1,0
136,labor,seller,5,1,0
136,labor,seller,6,1,0
136,labor,seller,3,1,0
136,labor,seller,16,1,1
136,labor,seller,2,1,1
136,labor,seller,7,1,1
136,labor,seller,10,1,1
136,labor,seller,11,1,1
136,labor,seller,12,1,1
136,labor,seller,4,1,1
136,labor,seller,14,1,1
136,labor,seller,19,1,1
136,labor,seller,17,1,1
136,labor,seller,1,1,1
136,labor,seller,9,1,1
136,labor,seller,8,1,1
136,labor,seller,18,1,1
136,labor,seller,13,1,1
137,capital,seller,21,20,0.01
137,capital,seller,20,20,0.01
138,consumption,buyer,16,1,24.48
138,consumption,buyer,2,1,24.48
138,consumption,buyer,7,1,24.48
138,consumption,buyer,10,1,24.48
138,consumption,buyer,11,1,24.48
138,consumption,buyer,12,1,24.48
138,consumption,buyer,4,1,24.48
138,consumption,buyer,19,1,24.48
138,consumption,buyer,17,1,24.48
138,consumption,buyer,1,1,24.48
138,consumption,buyer,9,1,24.48
138,consumption,buyer,8,1,24.48
138,consumption,buyer,18,1,24.48
138,consumption,buyer,13,1,24.48
138,consumption,buyer,14,1,24.479999999999997
139,labor,seller,15,1,0
139,labor,seller,3,1,0
139,labor,seller,6,1,0
139,labor,seller,5,1,0
139,labor,seller,0,1,0
139,labor,seller,10,1,1
139,labor,seller,16,1,1
139,labor,seller,7,1,1
139,labor,seller,18,1,1
139,labor,seller,17,1,1
139,labor,seller,14,1,1
139,labor,seller,9,1,1
139,labor,seller,4,1,1
139,labor,seller,1,1,1
139,labor,seller,12,1,1
139,labor,seller,11,1,1
139,labor,seller,2,1,1
139,labor,seller,8,1,1
139,labor,seller,13,1,1
139,labor,seller,19,1,1
140,capital,seller,21,20,0.01
140,capital,seller,20,20,0.01
141,consumption,buyer,10,1,24.48
141,consumption,buyer,16,1,24.48
141,consumption,buyer,7,1,24.48
141,consumption,buyer,18,1,24.48
141,consumption,buyer,17,1,24.48
141,consumption,buyer,9,1,24.48
141,consumption,buyer,4,1,24.48
141,consumption,buyer,1,1,24.48
141,consumption,buyer,12,1,24.48
141,consumption,buyer,11,1,24.48
141,consumption,buyer,2,1,24.48
141,consumption,buyer,8,1,24.48
141,consumption,buyer,13,1,24.48
141,consumption,buyer,19,1,24.48
141,consumption,buyer,14,1,24.479999999999997
142,labor,seller,6,1,0
142,labor,seller,15,1,0
142,labor,seller,5,1,0
142,labor,seller,0,1,0
142,labor,seller,3,1,0
142,labor,seller,7,1,1
142,labor,seller,13,1,1
142,labor,seller,1,1,1
142,labor,seller,12,1,1
142,labor,seller,8,1,1
142,labor,seller,11,1,1
142,labor,seller,14,1,1
142,labor,seller,19,1,1
142,labor,seller,18,1,1
142,labor,seller,16,1,1
142,labor,seller,17,1,1
142,labor,seller,10,1,1
142,labor,seller,4,1,1
142,labor,seller,9,1,1
142,labor,seller,2,1,1
143,capital,seller,20,20,0.01
143,capital,seller,21,20,0.01
144,consumption,buyer,7,1,24.48
144,consumption,buyer,13,1,24.48
144,consumption,buyer,1,1,24.48
144,consumption,buyer,12,1,24.48
144,consumption,buyer,8,1,24.48
144,consumption,buyer,11,1,24.48
144,consumption,buyer,19,1,24.48
144,consumption,buyer,18,1,24.48
144,consumption,buyer,16,1,24.48
144,consumption,buyer,17,1,24.48
144,consumption,buyer,10,1,24.48
144,consumption,buyer,4,1,24.48
144,consumption,buyer,9,1,24.48
144,consumption,buyer,2,1,24.48
144,consumption,buyer,14,1,24.479999999999997
145,labor,seller,5,1,0
145,labor,seller,0,1,0
145,labor,seller,15,1,0
145,labor,seller,6,1,0
145,labor,seller,3,1,0
145,labor,seller,11,1,1
145,labor,seller,12,1,1
145,labor,seller,17,1,1
145,labor,seller,14,1,1
145,labor,seller,10,1,1
145,labor,seller,2,1,1
145,labor,seller,16,1,1
145,labor,seller,8,1,1
145,labor,seller,19,1,1
145,labor,seller,7,1,1
145,labor,seller,9,1,1
145,labor,seller,13,1,1
145,labor,seller,18,1,1
145,labor,seller,1,1,1
145,labor,seller,4,1,1
146,capital,seller,21,20,0.01
146,capital,seller,20,20,0.01
147,consumption,buyer,11,1,24.48
147,consumption,buyer,12,1,24.48
147,consumption,buyer,17,1,24.48
147,consumption,buyer,10,1,24.48
147,consumption,buyer,2,1,24.48
147,consumption,buyer,16,1,24.48
147,consumption,buyer,8,1,24.48
147,consumption,buyer,19,1,24.48
147,consumption,buyer,7,1,24.48
147,consumption,buyer,9,1,24.48
147,consumption,buyer,13,1,24.48
147,consumption,buyer,18,1,24.48
147,consumption,buyer,1,1,24.48
147,consumption,buyer,4,1,24.48
147,consumption,buyer,14,1,24.479999999999997
148,labor,seller,6,1,0
148,labor,seller,3,1,0
148,labor,seller,15,1,0
148,labor,seller,0,1,0
148,labor,seller,5,1,0
148,labor,seller,12,1,1
148,labor,seller,16,1,1
148,labor,seller,9,1,1
148,labor,seller,19,1,1
148,labor,seller,14,1,1
148,labor,seller,7,1,1
148,labor,seller,17,1,1
148,labor,seller,2,1,1
148,labor,seller,13,1,1
148,labor,seller,1,1,1
148,labor,seller,11,1,1
148,labor,seller,8,1,1
148,labor,seller,10,1,1
148,labor,seller,18,1,1
148,labor,seller,4,1,1
149,capital,seller,21,20,0.01
149,capital,seller,20,20,0.01
150,consumption,buyer,12,1,24.48
150,consumption,buyer,16,1,24.48
150,consumption,buyer,9,1,24.48
150,consumption,buyer,19,1,24.48
150,consumption,buyer,7,1,24.48
150,consumption,buyer,17,1,24.48
150,consumption,buyer,2,1,24.48
150,consumption,buyer,13,1,24.48
150,consumption,buyer,1,1,24.48
150,consumption,buyer,11,1,24.48
150,consumption,buyer,8,1,24.48
150,consumption,buyer,10,1,24.48
150,consumption,buyer,18,1,24.48
150,consumption,buyer,4,1,24.48
150,consumption,buyer,14,1,24.479999999999997
151,labor,seller,15,1,0
151,labor,seller,5,1,0
151,labor,seller,0,1,0
151,labor,seller,3,1,0
151,labor,seller,6,1,0
151,labor,seller,7,1,1
151,labor,seller,16,1,1
151,labor,seller,19,1,1
151,labor,seller,8,1,1
151,labor,seller,10,1,1
151,labor,seller,4,1,1
151,labor,seller,14,1,1
151,labor,seller,17,1,1
151,labor,seller,13,1,1
151,labor,seller,18,1,1
151,labor,seller,11,1,1
151,labor,seller,2,1,1
151,labor,seller,12,1,1
151,labor,seller,9,1,1
151,labor,seller,1,1,1
152,capital,seller,20,20,0.01
152,capital,seller,21,20,0.01
153,consumption,buyer,7,1,24.48
153,consumption,buyer,16,1,24.48
153,consumption,buyer,19,1,24.48
153,consumption,buyer,8,1,24.48
153,consumption,buyer,10,1,24.48
153,consumption,buyer,4,1,24.48
153,consumption,buyer,17,1,24.48
153,consumption,buyer,13,1,24.48
153,consumption,buyer,18,1,24.48
153,consumption,buyer,11,1,24.48
153,consumption,buyer,2,1,24.48
153,consumption,buyer,12,1,24.48
153,consumption,buyer,9,1,24.48
153,consumption,buyer,1,1,24.48
153,consumption,buyer,14,1,24.479999999999997
154,labor,seller,5,1,0
154,labor,seller,6,1,0
154,labor,seller,15,1,0
154,labor,seller,0,1,0
154,labor,seller,3,1,0
154,labor,seller,18,1,1
154,labor,seller,10,1,1
154,labor,seller,7,1,1
154,labor,seller,8,1,1
154,labor,seller,1,1,1
154,labor,seller,4,1,1
154,labor,seller,19,1,1
154,labor,seller,16,1,1
154,labor,seller,2,1,1
154,labor,seller,11,1,1
154,labor,seller,14,1,1
154,labor,seller,12,1,1
154,labor,seller,9,1,1
154,labor,seller,13,1,1
154,labor,seller,17,1,1
155,capital,seller,20,20,0.01
155,capital,seller,21,20,0.01
156,consumption,buyer,18,1,24.48
156,consumption,buyer,10,1,24.48
156,consumption,buyer,7,1,24.48
156,consumption,buyer,8,1,24.48
156,consumption,buyer,1,1,24.48
156,consumption,buyer,4,1,24.48
156,consumption,buyer,19,1,24.48
156,consumption,buyer,16,1,24.48
156,consumption,buyer,2,1,24.48
156,consumption,buyer,11,1,24.48
156,consumption,buyer,12,1,24.48
156,consumption,buyer,9,1,24.48
156,consumption,buyer,13,1,24.48
156,consumption,buyer,17,1,24.48
156,consumption,buyer,14,1,24.479999999999997
157,labor,seller,15,1,0
157,labor,seller,5,1,0
157,labor,seller,6,1,0
157,labor,seller,3,1,0
157,labor,seller,0,1,0
157,labor,seller,12,1,1
157,labor,seller,9,1,1
157,labor,seller,1,1,1
157,labor,seller,10,1,1
157,labor,seller,18,1,1
157,labor,seller,4,1,1
157,labor,seller,19,1,1
157,labor,seller,17,1,1
157,labor,seller,16,1,1
157,labor,seller,14,1,1
157,labor,seller,11,1,1
157,labor,seller,13,1,1
157,labor,seller,2,1,1
157,labor,seller,8,1,1
157,labor,seller,7,1,1
158,capital,seller,21,20,0.01
158,capital,seller,20,20,0.01
159,consumption,buyer,12,1,24.48
159,consumption,buyer,9,1,24.48
159,consumption,buyer,1,1,24.48
159,consumption,buyer,10,1,24.48
159,consumption,buyer,18,1,24.48
159,consumption,buyer,4,1,24.48
159,consumption,buyer,19,1,24.48
159,consumption,buyer,17,1,24.48
159,consumption,buyer,16,1,24.48
159,consumption,buyer,11,1,24.48
159,consumption,buyer,13,1,24.48
159,consumption,buyer,2,1,24.48
159,consumption,buyer,8,1,24.48
159,consumption,buyer,7,1,24.48
159,consumption,buyer,14,1,24.479999999999997
160,labor,seller,3,1,0
160,labor,seller,6,1,0
160,labor,seller,5,1,0
160,labor,seller,15,1,0
160,labor,seller,0,1,0
160,labor,seller,14,1,1
160,labor,seller,16,1,1
160,labor,seller,12,1,1
160,labor,seller,4,1,1
160,labor,seller,8,1,1
160,labor,seller,10,1,1
160,labor,seller,11,1,1
160,labor,seller,17,1,1
160,labor,seller,19,1,1
160,labor,seller,18,1,1
160,labor,seller,13,1,1
160,labor,seller,7,1,1
160,labor,seller,1,1,1
160,labor,seller,2,1,1
160,labor,seller,9,1,1
161,capital,seller,21,20,0.01
161,capital,seller,20,20,0.01
162,consumption,buyer,16,1,24.48
162,consumption,buyer,12,1,24.48
162,consumption,buyer,4,1,24.48
162,consumption,buyer,8,1,24.48
162,consumption,buyer,10,1,24.48
162,consumption,buyer,11,1,24.48
162,consumption,buyer,17,1,24.48
162,consumption,buyer,19,1,24.48
162,consumption,buyer,18,1,24.48
162,consumption,buyer,13,1,24.48
162,consumption,buyer,7,1,24.48
162,consumption,buyer,1,1,24.48
162,consumption,buyer,2,1,24.48
162,consumption,buyer,9,1,24.48
162,consumption,buyer,14,1,24.479999999999997
163,labor,seller,5,1,0
163,labor,seller,15,1,0
163,labor,seller,6,1,0
163,labor,seller,3,1,0
163,labor,seller,0,1,0
163,labor,seller,18,1,1
163,labor,seller,7,1,1
163,labor,seller,14,1,1
163,labor,seller,19,1,1
163,labor,seller,9,1,1
163,labor,seller,4,1,1
163,labor,seller,1,1,1
163,labor,seller,8,1,1
163,labor,seller,17,1,1
163,labor,seller,12,1,1
163,labor,seller,10,1,1
163,labor,seller,2,1,1
163,labor,seller,16,1,1
163,labor,seller,11,1,1
163,labor,seller,13,1,1
164,capital,seller,20,20,0.01
164,capital,seller,21,20,0.01
165,consumption,buyer,18,1,24.48
165,consumption,buyer,7,1,24.48
165,consumption,buyer,19,1,24.48
165,consumption,buyer,9,1,24.48
165,consumption,buyer,4,1,24.48
165,consumption,buyer,1,1,24.48
165,consumption,buyer,8,1,24.48
165,consumption,buyer,17,1,24.48
165,consumption,buyer,12,1,24.48
165,consumption,buyer,10,1,24.48
165,consumption,buyer,2,1,24.48
165,consumption,buyer,16,1,24.48
165,consumption,buyer,11,1,24.48
165,consumption,buyer,13,1,24.48
165,consumption,buyer,14,1,24.479999999999997
166,labor,seller,3,1,0
166,labor,seller,6,1,0
166,labor,seller,5,1,0
166,labor,seller,15,1,0
166,labor,seller,0,1,0
166,labor,seller,1,1,1
166,labor,seller,11,1,1
166,labor,seller,12,1,1
166,labor,seller,2,1,1
166,labor,seller,19,1,1
166,labor,seller,18,1,1
166,labor,seller,10,1,1
166,labor,seller,14,1,1
166,labor,seller,13,1,1
166,labor,seller,16,1,1
166,labor,seller,17,1,1
166,labor,seller,4,1,1
166,labor,seller,9,1,1
166,labor,seller,8,1,1
166,labor,seller,7,1,1
167,capital,seller,20,20,0.01
167,capital,seller,21,20,0.01
168,consumption,buyer,1,1,24.48
168,consumption,buyer,11,1,24.48
168,consumption,buyer,12,1,24.48
168,consumption,buyer,2,1,24.48
168,consumption,buyer,19,1,24.48
168,consumption,buyer,18,1,24.48
168,consumption,buyer,10,1,24.48
168,consumption,buyer,13,1,24.48
168,consumption,buyer,16,1,24.48
168,consumption,buyer,17,1,24.48
168,consumption,buyer,4,1,24.48
168,consumption,buyer,9,1,24.48
168,consumption,buyer,8,1,24.48
168,consumption,buyer,7,1,24.48
168,consumption,buyer,14,1,24.479999999999997
169,labor,seller,3,1,0
169,labor,seller,6,1,0
169,labor,seller,15,1,0
169,labor,seller,5,1,0
169,labor,seller,0,1,0
169,labor,seller,9,1,1
169,labor,seller,13,1,1
169,labor,seller,16,1,1
169,labor,seller,12,1,1
169,labor,seller,17,1,1
169,labor,seller,11,1,1
169,labor,seller,8,1,1
169,labor,seller,19,1,1
169,labor,seller,4,1,1
169,labor,seller,1,1,1
169,labor,seller,7,1,1
169,labor,seller,18,1,1
169,labor,seller,14,1,1
169,labor,seller,10,1,1
169,labor,seller,2,1,1
170,capital,seller,20,20,0.01
170,capital,seller,21,20,0.01
171,consumption,buyer,9,1,24.48
171,consumption,buyer,13,1,24.48
171,consumption,buyer,16,1,24.48
171,consumption,buyer,12,1,24.48
171,consumption,buyer,17,1,24.48
171,consumption,buyer,11,1,24.48
171,consumption,buyer,8,1,24.48
171,consumption,buyer,19,1,24.48
171,consumption,buyer,4,1,24.48
171,consumption,buyer,1,1,24.48
171,consumption,buyer,7,1,24.48
171,consumption,buyer,18,1,24.48
171,consumption,buyer,10,1,24.48
171,consumption,buyer,2,1,24.48
171,consumption,buyer,14,1,24.479999999999997
172,labor,seller,5,1,0
172,labor,seller,15,1,0
172,labor,seller,0,1,0
172,labor,seller,3,1,0
172,labor,seller,6,1,0
172,labor,seller,7,1,1
172,labor,seller,16,1,1
172,labor,seller,12,1,1
172,labor,seller,1,1,1
172,labor,seller,11,1,1
172,labor,seller,8,1,1
172,labor,seller,9,1,1
172,labor,seller,13,1,1
172,labor,seller,14,1,1
172,labor,seller,4,1,1
172,labor,seller,17,1,1
172,labor,seller,19,1,1
172,labor,seller,10,1,1
172,labor,seller,18,1,1
172,labor,seller,2,1,1
173,capital,seller,21,20,0.01
173,capital,seller,20,20,0.01
174,consumption,buyer,7,1,24.48
174,consumption,buyer,16,1,24.48
174,consumption,buyer,12,1,24.48
174,consumption,buyer,1,1,24.48
174,consumption,buyer,11,1,24.48
174,consumption,buyer,8,1,24.48
174,consumption,buyer,9,1,24.48
174,consumption,buyer,13,1,24.48
174,consumption,buyer,4,1,24.48
174,consumption,buyer,17,1,24.48
174,consumption,buyer,19,1,24.48
174,consumption,buyer,10,1,24.48
174,consumption,buyer,18,1,24.48
174,consumption,buyer,2,1,24.48
174,consumption,buyer,14,1,24.479999999999997
175,labor,seller,15,1,0
175,labor,seller,0,1,0
175,labor,seller,3,1,0
175,labor,seller,5,1,0
175,labor,seller,6,1,0
175,labor,seller,13,1,1
175,labor,seller,9,1,1
175,labor,seller,17,1,1
175,labor,seller,1,1,1
175,labor,seller,4,1,1
175,labor,seller,11,1,1
175,labor,seller,16,1,1
175,labor,seller,12,1,1
175,labor,seller,14,1,1
175,labor,seller,18,1,1
175,labor,seller,10,1,1
175,labor,seller,8,1,1
175,labor,seller,2,1,1
175,labor,seller,7,1,1
175,labor,seller,19,1,1
176,capital,seller,21,20,0.01
176,capital,seller,20,20,0.01
177,consumption,buyer,13,1,24.48
177,consumption,buyer,9,1,24.48
177,consumption,buyer,17,1,24.48
177,consumption,buyer,1,1,24.48
177,consumption,buyer,4,1,24.48
177,consumption,buyer,11,1,24.48
177,consumption,buyer,16,1,24.48
177,consumption,buyer,12,1,24.48
177,consumption,buyer,18,1,24.48
177,consumption,buyer,10,1,24.48
177,consumption,buyer,8,1,24.48
177,consumption,buyer,2,1,24.48
177,consumption,buyer,7,1,24.48
177,consumption,buyer,19,1,24.48
177,consumption,buyer,14,1,24.479999999999997
178,labor,seller,5,1,0
178,labor,seller,15,1,0
178,labor,seller,6,1,0
178,labor,seller,0,1,0
178,labor,seller,3,1,0
178,labor,seller,9,1,1
178,labor,seller,18,1,1
178,labor,seller,8,1,1
178,labor,seller,2,1,1
178,labor,seller,14,1,1
178,labor,seller,1,1,1
178,labor,seller,16,1,1
178,labor,seller,19,1,1
178,labor,seller,12,1,1
178,labor,seller,11,1,1
178,labor,seller,4,1,1
178,labor,seller,10,1,1
178,labor,seller,7,1,1
178,labor,seller,13,1,1
178,labor,seller,17,1,1
179,capital,seller,21,20,0.01
179,capital,seller,20,20,0.01
180,consumption,buyer,9,1,24.48
180,consumption,buyer,18,1,24.48
180,consumption,buyer,8,1,24.48
180,consumption,buyer,2,1,24.48
180,consumption,buyer,1,1,24.48
180,consumption,buyer,16,1,24.48
180,consumption,buyer,19,1,24.48
180,consumption,buyer,12,1,24.48
180,consumption,buyer,11,1,24.48
180,consumption,buyer,4,1,24.48
180,consumption,buyer,10,1,24.48
180,consumption,buyer,7,1,24.48
180,consumption,buyer,13,1,24.48
180,consumption,buyer,17,1,24.48
180,consumption,buyer,14,1,24.479999999999997
181,labor,seller,0,1,0
181,labor,seller,6,1,0
181,labor,seller,3,1,0
181,labor,seller,15,1,0
181,labor,seller,5,1,0
181,labor,seller,10,1,1
181,labor,seller,14,1,1
181,labor,seller,9,1,1
181,labor,seller,12,1,1
181,labor,seller,17,1,1
181,labor,seller,13,1,1
181,labor,seller,11,1,1
181,labor,seller,18,1,1
181,labor,seller,16,1,1
181,labor,seller,1,1,1
181,labor,seller,7,1,1
181,labor,seller,8,1,1
181,labor,seller,19,1,1
181,labor,seller,2,1,1
181,labor,seller,4,1,1
182,capital,seller,21,20,0.01
182,capital,seller,20,20,0.01
183,consumption,buyer,10,1,24.48
183,consumption,buyer,9,1,24.48
183,consumption,buyer,12,1,24.48
183,consumption,buyer,17,1,24.48
183,consumption,buyer,13,1,24.48
183,consumption,buyer,11,1,24.48
183,consumption,buyer,18,1,24.48
183,consumption,buyer,16,1,24.48
183,consumption,buyer,1,1,24.48
183,consumption,buyer,7,1,24.48
183,consumption,buyer,8,1,24.48
183,consumption,buyer,19,1,24.48
183,consumption,buyer,2,1,24.48
183,consumption,buyer,4,1,24.48
183,consumption,buyer,14,1,24.479999999999997
184,labor,seller,15,1,0
184,labor,seller,3,1,0
184,labor,seller,5,1,0
184,labor,seller,0,1,0
184,labor,seller,6,1,0
184,labor,seller,11,1,1
184,labor,seller,17,1,1
184,labor,seller,19,1,1
184,labor,seller,16,1,1
184,labor,seller,8,1,1
184,labor,seller,9,1,1
184,labor,seller,13,1,1
184,labor,seller,1,1,1
184,labor,seller,18,1,1
184,labor,seller,4,1,1
184,labor,seller,14,1,1
184,labor,seller,12,1,1
184,labor,seller,2,1,1
184,labor,seller,10,1,1
184,labor,seller,7,1,1
185,capital,seller,20,20,0.01
185,capital,seller,21,20,0.01
186,consumption,buyer,11,1,24.48
186,consumption,buyer,17,1,24.48
186,consumption,buyer,19,1,24.48
186,consumption,buyer,16,1,24.48
186,consumption,buyer,8,1,24.48
186,consumption,buyer,9,1,24.48
186,consumption,buyer,13,1,24.48
186,consumption,buyer,1,1,24.48
186,consumption,buyer,18,1,24.48
186,consumption,buyer,4,1,24.48
186,consumption,buyer,12,1,24.48
186,consumption,buyer,2,1,24.48
186,consumption,buyer,10,1,24.48
186,consumption,buyer,7,1,24.48
186,consumption,buyer,14,1,24.479999999999997
187,labor,seller,3,1,0
187,labor,seller,6,1,0
187,labor,seller,0,1,0
187,labor,seller,5,1,0
187,labor,seller,15,1,0
187,labor,seller,2,1,1
187,labor,seller,1,1,1
187,labor,seller,7,1,1
187,labor,seller,18,1,1
187,labor,seller,10,1,1
187,labor,seller,14,1,1
187,labor,seller,8,1,1
187,labor,seller,19,1,1
187,labor,seller,11,1,1
187,labor,seller,17,1,1
187,labor,seller,16,1,1
187,labor,seller,4,1,1
187,labor,seller,12,1,1
187,labor,seller,9,1,1
187,labor,seller,13,1,1
188,capital,seller,21,20,0.01
188,capital,seller,20,20,0.01
189,consumption,buyer,2,1,24.48
189,consumption,buyer,1,1,24.48
189,consumption,buyer,7,1,24.48
189,consumption,buyer,18,1,24.48
189,consumption,buyer,10,1,24.48
189,consumption,buyer,8,1,24.48
189,consumption,buyer,19,1,24.48
189,consumption,buyer,11,1,24.48
189,consumption,buyer,17,1,24.48
189,consumption,buyer,16,1,24.48
189,consumption,buyer,4,1,24.48
189,consumption,buyer,12,1,24.48
189,consumption,buyer,9,1,24.48
189,consumption,buyer,13,1,24.48
189,consumption,buyer,14,1,24.479999999999997
190,labor,seller,15,1,0
190,labor,seller,3,1,0
190,labor,seller,5,1,0
190,labor,seller,0,1,0
190,labor,seller,6,1,0
190,labor,seller,4,1,1
190,labor,seller,18,1,1
190,labor,seller,17,1,1
190,labor,seller,14,1,1
190,labor,seller,11,1,1
190,labor,seller,12,1,1
190,labor,seller,10,1,1
190,labor,seller,19,1,1
190,labor,seller,16,1,1
190,labor,seller,9,1,1
190,labor,seller,1,1,1
190,labor,seller,8,1,1
190,labor,seller,2,1,1
190,labor,seller,13,1,1
190,labor,seller,7,1,1
191,capital,seller,20,20,0.01
191,capital,seller,21,20,0.01
192,consumption,buyer,4,1,24.48
192,consumption,buyer,18,1,24.48
192,consumption,buyer,17,1,24.48
192,consumption,buyer,11,1,24.48
192,consumption,buyer,12,1,24.48
192,consumption,buyer,10,1,24.48
192,consumption,buyer,19,1,24.48
192,consumption,buyer,16,1,24.48
192,consumption,buyer,9,1,24.48
192,consumption,buyer,1,1,24.48
192,consumption,buyer,8,1,24.48
192,consumption,buyer,2,1,24.48
192,consumption,buyer,13,1,24.48
192,consumption,buyer,7,1,24.48
192,consumption,buyer,14,1,24.479999999999997
193,labor,seller,6,1,0
193,labor,seller,3,1,0
193,labor,seller,15,1,0
193,labor,seller,0,1,0
193,labor,seller,5,1,0
193,labor,seller,1,1,1
193,labor,seller,17,1,1
193,labor,seller,19,1,1
193,labor,seller,14,1,1
193,labor,seller,4,1,1
193,labor,seller,11,1,1
193,labor,seller,9,1,1
193,labor,seller,18,1,1
193,labor,seller,2,1,1
193,labor,seller,16,1,1
193,labor,seller,7,1,1
193,labor,seller,13,1,1
193,labor,seller,8,1,1
193,labor,seller,12,1,1
193,labor,seller,10,1,1
194,capital,seller,21,20,0.01
194,capital,seller,20,20,0.01
195,consumption,buyer,1,1,24.48
195,consumption,buyer,17,1,24.48
195,consumption,buyer,19,1,24.48
195,consumption,buyer,4,1,24.48
195,consumption,buyer,11,1,24.48
195,consumption,buyer,9,1,24.48
195,consumption,buyer,18,1,24.48
195,consumption,buyer,2,1,24.48
195,consumption,buyer,16,1,24.48
195,consumption,buyer,7,1,24.48
195,consumption,buyer,13,1,24.48
195,consumption,buyer,8,1,24.48
195,consumption,buyer,12,1,24.48
195,consumption,buyer,10,1,24.48
195,consumption,buyer,14,1,24.479999999999997
196,labor,seller,0,1,0
196,labor,seller,3,1,0
196,labor,seller,5,1,0
196,labor,seller,6,1,0
196,labor,seller,15,1,0
196,labor,seller,11,1,1
196,labor,seller,10,1,1
196,labor,seller,7,1,1
196,labor,seller,9,1,1
196,labor,seller,18,1,1
196,labor,seller,16,1,1
196,labor,seller,13,1,1
196,labor,seller,8,1,1
196,labor,seller,1,1,1
196,labor,seller,14,1,1
196,labor,seller,12,1,1
196,labor,seller,2,1,1
196,labor,seller,19,1,1
196,labor,seller,4,1,1
196,labor,seller,17,1,1
197,capital,seller,21,20,0.01
197,capital,seller,20,20,0.01
198,consumption,buyer,11,1,24.48
198,consumption,buyer,10,1,24.48
198,consumption,buyer,7,1,24.48
198,consumption,buyer,9,1,24.48
198,consumption,buyer,18,1,24.48
198,consumption,buyer,16,1,24.48
198,consumption,buyer,13,1,24.48
198,consumption,buyer,8,1,24.48
198,consumption,buyer,1,1,24.48
198,consumption,buyer,12,1,24.48
198,consumption,buyer,2,1,24.48
198,consumption,buyer,19,1,24.48
198,consumption,buyer,4,1,24.48
198,consumption,buyer,17,1,24.48
198,consumption,buyer,14,1,24.479999999999997
199,labor,seller,0,1,0
199,labor,seller,15,1,0
199,labor,seller,5,1,0
199,labor,seller,3,1,0
199,labor,seller,6,1,0
199,labor,seller,12,1,1
199,labor,seller,1,1,1
199,labor,seller,7,1,1
199,labor,seller,13,1,1
199,labor,seller,16,1,1
199,labor,seller,2,1,1
199,labor,seller,11,1,1
199,labor,seller,9,1,1
199,labor,seller,14,1,1
199,labor,seller,19,1,1
199,labor,seller,10,1,1
199,labor,seller,4,1,1
199,labor,seller,8,1,1
199,labor,seller,17,1,1
199,labor,seller,18,1,1
200,capital,seller,21,20,0.01
200,capital,seller,20,20,0.01
201,consumption,buyer,12,1,24.48
201,consumption,buyer,1,1,24.48
201,consumption,buyer,7,1,24.48
201,consumption,buyer,13,1,24.48
201,consumption,buyer,16,1,24.48
201,consumption,buyer,2,1,24.48
201,consumption,buyer,11,1,24.48
201,consumption,buyer,9,1,24.48
201,consumption,buyer,19,1,24.48
201,consumption,buyer,10,1,24.48
201,consumption,buyer,4,1,24.48
201,consumption,buyer,8,1,24.48
201,consumption,buyer,17,1,24.48
201,consumption,buyer,18,1,24.48
201,consumption,buyer,14,1,24.479999999999997
202,labor,seller,6,1,0
202,labor,seller,0,1,0
202,labor,seller,3,1,0
202,labor,seller,5,1,0
202,labor,seller,15,1,0
202,labor,seller,9,1,1
202,labor,seller,8,1,1
202,labor,seller,4,1,1
202,labor,seller,16,1,1
202,labor,seller,17,1,1
202,labor,seller,12,1,1
202,labor,seller,13,1,1
202,labor,seller,14,1,1
202,labor,seller,19,1,1
202,labor,seller,1,1,1
202,labor,seller,2,1,1
202,labor,seller,11,1,1
202,labor,seller,7,1,1
202,labor,seller,10,1,1
202,labor,seller,18,1,1
203,capital,seller,21,20,0.01
203,capital,seller,20,20,0.01
204,consumption,buyer,9,1,24.48
204,consumption,buyer,8,1,24.48
204,consumption,buyer,4,1,24.48
204,consumption,buyer,16,1,24.48
204,consumption,buyer,17,1,24.48
204,consumption,buyer,12,1,24.48
204,consumption,buyer,13,1,24.48
204,consumption,buyer,19,1,24.48
204,consumption,buyer,1,1,24.48
204,consumption,buyer,2,1,24.48
204,consumption,buyer,11,1,24.48
204,consumption,buyer,7,1,24.48
204,consumption,buyer,10,1,24.48
204,consumption,buyer,18,1,24.48
204,consumption,buyer,14,1,24.479999999999997
205,labor,seller,5,1,0
205,labor,seller,15,1,0
205,labor,seller,3,1,0
205,labor,seller,6,1,0
205,labor,seller,0,1,0
205,labor,seller,17,1,1
205,labor,seller,1,1,1
205,labor,seller,9,1,1
205,labor,seller,4,1,1
205,labor,seller,18,1,1
205,labor,seller,11,1,1
205,labor,seller,19,1,1
205,labor,seller,13,1,1
205,labor,seller,10,1,1
205,labor,seller,7,1,1
205,labor,seller,2,1,1
205,labor,seller,8,1,1
205,labor,seller,16,1,1
205,labor,seller,12,1,1
205,labor,seller,14,1,1
206,capital,seller,20,20,0.01
206,capital,seller,21,20,0.01
207,consumption,buyer,17,1,24.48
207,consumption,buyer,1,1,24.48
207,consumption,buyer,9,1,24.48
207,consumption,buyer,4,1,24.48
207,consumption,buyer,18,1,24.48
207,consumption,buyer,11,1,24.48
207,consumption,buyer,19,1,24.48
207,consumption,buyer,13,1,24.48
207,consumption,buyer,10,1,24.48
207,consumption,buyer,7,1,24.48
207,consumption,buyer,2,1,24.48
207,consumption,buyer,8,1,24.48
207,consumption,buyer,16,1,24.48
207,consumption,buyer,12,1,24.48
207,consumption,buyer,14,1,24.479999999999997
208,labor,seller,15,1,0
208,labor,seller,3,1,0
208,labor,seller,5,1,0
208,labor,seller,6,1,0
208,labor,seller,0,1,0
208,labor,seller,2,1,1
208,labor,seller,18,1,1
208,labor,seller,19,1,1
208,labor,seller,16,1,1
208,labor,seller,4,1,1
208,labor,seller,13,1,1
208,labor,seller,1,1,1
208,labor,seller,9,1,1
208,labor,seller,7,1,1
208,labor,seller,10,1,1
208,labor,seller,11,1,1
208,labor,seller,14,1,1
208,labor,seller,17,1,1
208,labor,seller,8,1,1
208,labor,seller,12,1,1
209,capital,seller,21,20,0.01
209,capital,seller,20,20,0.01
210,consumption,buyer,2,1,24.48
210,consumption,buyer,18,1,24.48
210,consumption,buyer,19,1,24.48
210,consumption,buyer,16,1,24.48
210,consumption,buyer,4,1,24.48
210,consumption,buyer,13,1,24.48
210,consumption,buyer,1,1,24.48
210,consumption,buyer,9,1,24.48
210,consumption,buyer,7,1,24.48
210,consumption,buyer,10,1,24.48
210,consumption,buyer,11,1,24.48
210,consumption,buyer,17,1,24.48
210,consumption,buyer,8,1,24.48
210,consumption,buyer,12,1,24.48
210,consumption,buyer,14,1,24.479999999999997
211,labor,seller,0,1,0
211,labor,seller,15,1,0
211,labor,seller,6,1,0
211,labor,seller,5,1,0
211,labor,seller,3,1,0
211,labor,seller,18,1,1
211,labor,seller,2,1,1
211,labor,seller,10,1,1
211,labor,seller,9,1,1
211,labor,seller,8,1,1
211,labor,seller,4,1,1
211,labor,seller,13,1,1
211,labor,seller,16,1,1
211,labor,seller,12,1,1
211,labor,seller,14,1,1
211,labor,seller,1,1,1
211,labor,seller,7,1,1
211,labor,seller,19,1,1
211,labor,seller,11,1,1
211,labor,seller,17,1,1
212,capital,seller,20,20,0.01
212,capital,seller,21,20,0.01
213,consumption,buyer,18,1,24.48
213,consumption,buyer,2,1,24.48
213,consumption,buyer,10,1,24.48
213,consumption,buyer,9,1,24.48
213,consumption,buyer,8,1,24.48
213,consumption,buyer,4,1,24.48
213,consumption,buyer,13,1,24.48
213,consumption,buyer,16,1,24.48
213,consumption,buyer,12,1,24.48
213,consumption,buyer,1,1,24.48
213,consumption,buyer,7,1,24.48
213,consumption,buyer,19,1,24.48
213,consumption,buyer,11,1,24.48
213,consumption,buyer,17,1,24.48
213,consumption,buyer,14,1,24.479999999999997
214,labor,seller,0,1,0
214,labor,seller,5,1,0
214,labor,seller,15,1,0
214,labor,seller,3,1,0
214,labor,seller,6,1,0
214,labor,seller,8,1,1
214,labor,seller,17,1,1
214,labor,seller,11,1,1
214,labor,seller,13,1,1
214,labor,seller,12,1,1
214,labor,seller,1,1,1
214,labor,seller,2,1,1
214,labor,seller,18,1,1
214,labor,seller,4,1,1
214,labor,seller,9,1,1
214,labor,seller,7,1,1
214,labor,seller,16,1,1
214,labor,seller,14,1,1
214,labor,seller,10,1,1
214,labor,seller,19,1,1
215,capital,seller,20,20,0.01
215,capital,seller,21,20,0.01
216,consumption,buyer,8,1,24.48
216,consumption,buyer,17,1,24.48
216,consumption,buyer,11,1,24.48
216,consumption,buyer,13,1,24.48
216,consumption,buyer,12,1,24.48
216,consumption,buyer,1,1,24.48
216,consumption,buyer,2,1,24.48
216,consumption,buyer,18,1,24.48
216,consumption,buyer,4,1,24.48
216,consumption,buyer,9,1,24.48
216,consumption,buyer,7,1,24.48
216,consumption,buyer,16,1,24.48
216,consumption,buyer,10,1,24.48
216,consumption,buyer,19,1,24.48
216,consumption,buyer,14,1,24.479999999999997
217,labor,seller,15,1,0
217,labor,seller,3,1,0
217,labor,seller,5,1,0
217,labor,seller,0,1,0
217,labor,seller,6,1,0
217,labor,seller,4,1,1
217,labor,seller,14,1,1
217,labor,seller,7,1,1
217,labor,seller,13,1,1
217,labor,seller,19,1,1
217,labor,seller,2,1,1
217,labor,seller,8,1,1
217,labor,seller,1,1,1
217,labor,seller,16,1,1
217,labor,seller,18,1,1
217,labor,seller,9,1,1
217,labor,seller,11,1,1
217,labor,seller,10,1,1
217,labor,seller,17,1,1
217,labor,seller,12,1,1
218,capital,seller,20,20,0.01
218,capital,seller,21,20,0.01
219,consumption,buyer,4,1,24.48
219,consumption,buyer,7,1,24.48
219,consumption,buyer,13,1,24.48
219,consumption,buyer,19,1,24.48
219,consumption,buyer,2,1,24.48
219,consumption,buyer,8,1,24.48
219,consumption,buyer,1,1,24.48
219,consumption,buyer,16,1,24.48
219,consumption,buyer,18,1,24.48
219,consumption,buyer,9,1,24.48
219,consumption,buyer,11,1,24.48
219,consumption,buyer,10,1,24.48
219,consumption,buyer,17,1,24.48
219,consumption,buyer,12,1,24.48
219,consumption,buyer,14,1,24.479999999999997
220,labor,seller,3,1,0
220,labor,seller,0,1,0
220,labor,seller,15,1,0
220,labor,seller,6,1,0
220,labor,seller,5,1,0
220,labor,seller,17,1,1
220,labor,seller,19,1,1
220,labor,seller,9,1,1
220,labor,seller,18,1,1
220,labor,seller,10,1,1
220,labor,seller,2,1,1
220,labor,seller,7,1,1
220,labor,seller,11,1,1
220,labor,seller,14,1,1
220,labor,seller,13,1,1
220,labor,seller,1,1,1
220,labor,seller,12,1,1
220,labor,seller,16,1,1
220,labor,seller,8,1,1
220,labor,seller,4,1,1
221,capital,seller,20,20,0.01
221,capital,seller,21,20,0.01
222,consumption,buyer,17,1,24.48
222,consumption,buyer,19,1,24.48
222,consumption,buyer,9,1,24.48
222,consumption,buyer,18,1,24.48
222,consumption,buyer,10,1,24.48
222,consumption,buyer,2,1,24.48
222,consumption,buyer,7,1,24.48
222,consumption,buyer,11,1,24.48
222,consumption,buyer,13,1,24.48
222,consumption,buyer,1,1,24.48
222,consumption,buyer,12,1,24.48
222,consumption,buyer,16,1,24.48
222,consumption,buyer,8,1,24.48
222,consumption,buyer,4,1,24.48
222,consumption,buyer,14,1,24.479999999999997
223,labor,seller,15,1,0
223,labor,seller,6,1,0
223,labor,seller,0,1,0
223,labor,seller,3,1,0
223,labor,seller,5,1,0
223,labor,seller,11,1,1
223,labor,seller,9,1,1
223,labor,seller,13,1,1
223,labor,seller,18,1,1
223,labor,seller,7,1,1
223,labor,seller,8,1,1
223,labor,seller,12,1,1
223,labor,seller,14,1,1
223,labor,seller,16,1,1
223,labor,seller,4,1,1
223,labor,seller,2,1,1
223,labor,seller,1,1,1
223,labor,seller,19,1,1
223,labor,seller,10,1,1
223,labor,seller,17,1,1
224,capital,seller,21,20,0.01
224,capital,seller,20,20,0.01
225,consumption,buyer,11,1,24.48
225,consumption,buyer,9,1,24.48
225,consumption,buyer,13,1,24.48
225,consumption,buyer,18,1,24.48
225,consumption,buyer,7,1,24.48
225,consumption,buyer,8,1,24.48
225,consumption,buyer,12,1,24.48
225,consumption,buyer,16,1,24.48
225,consumption,buyer,4,1,24.48
225,consumption,buyer,2,1,24.48
225,consumption,buyer,1,1,24.48
225,consumption,buyer,19,1,24.48
225,consumption,buyer,10,1,24.48
225,consumption,buyer,17,1,24.48
225,consumption,buyer,14,1,24.479999999999997
226,labor,seller,0,1,0
226,labor,seller,6,1,0
226,labor,seller,5,1,0
226,labor,seller,15,1,0
226,labor,seller,3,1,0
226,labor,seller,7,1,1
226,labor,seller,11,1,1
226,labor,seller,18,1,1
226,labor,seller,10,1,1
226,labor,seller,19,1,1
226,labor,seller,16,1,1
226,labor,seller,14,1,1
226,labor,seller,9,1,1
226,labor,seller,4,1,1
226,labor,seller,2,1,1
226,labor,seller,8,1,1
226,labor,seller,17,1,1
226,labor,seller,12,1,1
226,labor,seller,13,1,1
226,labor,seller,1,1,1
227,capital,seller,20,20,0.01
227,capital,seller,21,20,0.01
228,consumption,buyer,7,1,24.48
228,consumption,buyer,11,1,24.48
228,consumption,buyer,18,1,24.48
228,consumption,buyer,10,1,24.48
228,consumption,buyer,19,1,24.48
228,consumption,buyer,16,1,24.48
228,consumption,buyer,9,1,24.48
228,consumption,buyer,4,1,24.48
228,consumption,buyer,2,1,24.48
228,consumption,buyer,8,1,24.48
228,consumption,buyer,17,1,24.48
228,consumption,buyer,12,1,24.48
228,consumption,buyer,13,1,24.48
228,consumption,buyer,1,1,24.48
228,consumption,buyer,14,1,24.479999999999997
229,labor,seller,3,1,0
229,labor,seller,15,1,0
229,labor,seller,5,1,0
229,labor,seller,0,1,0
229,labor,seller,6,1,0
229,labor,seller,14,1,1
229,labor,seller,2,1,1
229,labor,seller,9,1,1
229,labor,seller,13,1,1
229,labor,seller,11,1,1
229,labor,seller,7,1,1
229,labor,seller,1,1,1
229,labor,seller,12,1,1
229,labor,seller,8,1,1
229,labor,seller,17,1,1
229,labor,seller,10,1,1
229,labor,seller,16,1,1
229,labor,seller,19,1,1
229,labor,seller,4,1,1
229,labor,seller,18,1,1
230,capital,seller,21,20,0.01
230,capital,seller,20,20,0.01
231,consumption,buyer,2,1,24.48
231,consumption,buyer,9,1,24.48
231,consumption,buyer,13,1,24.48
231,consumption,buyer,11,1,24.48
231,consumption,buyer,7,1,24.48
231,consumption,buyer,1,1,24.48
231,consumption,buyer,12,1,24.48
231,consumption,buyer,8,1,24.48
231,consumption,buyer,17,1,24.48
231,consumption,buyer,10,1,24.48
231,consumption,buyer,16,1,24.48
231,consumption,buyer,19,1,24.48
231,consumption,buyer,4,1,24.48
231,consumption,buyer,18,1,24.48
231,consumption,buyer,14,1,24.479999999999997
232,labor,seller,15,1,0
232,labor,seller,5,1,0
232,labor,seller,6,1,0
232,labor,seller,3,1,0
232,labor,seller,0,1,0
232,labor,seller,4,1,1
232,labor,seller,11,1,1
232,labor,seller,2,1,1
232,labor,seller,1,1,1
232,labor,seller,18,1,1
232,labor,seller,14,1,1
232,labor,seller,13,1,1
232,labor,seller,7,1,1
232,labor,seller,19,1,1
232,labor,seller,17,1,1
232,labor,seller,8,1,1
232,labor,seller,9,1,1
232,labor,seller,10,1,1
232,labor,seller,16,1,1
232,labor,seller,12,1,1
233,capital,seller,21,20,0.01
233,capital,seller,20,20,0.01
234,consumption,buyer,4,1,24.48
234,consumption,buyer,11,1,24.48
234,consumption,buyer,2,1,24.48
234,consumption,buyer,1,1,24.48
234,consumption,buyer,18,1,24.48
234,consumption,buyer,13,1,24.48
234,consumption,buyer,7,1,24.48
234,consumption,buyer,19,1,24.48
234,consumption,buyer,17,1,24.48
234,consumption,buyer,8,1,24.48
234,consumption,buyer,9,1,24.48
234,consumption,buyer,10,1,24.48
234,consumption,buyer,16,1,24.48
234,consumption,buyer,12,1,24.48
234,consumption,buyer,14,1,24.479999999999997
235,labor,seller,3,1,0
235,labor,seller,6,1,0
235,labor,seller,5,1,0
235,labor,seller,15,1,0
235,labor,seller,0,1,0
235,labor,seller,19,1,1
235,labor,seller,13,1,1
235,labor,seller,2,1,1
235,labor,seller,7,1,1
235,labor,seller,9,1,1
235,labor,seller,17,1,1
235,labor,seller,16,1,1
235,labor,seller,11,1,1
235,labor,seller,1,1,1
235,labor,seller,10,1,1
235,labor,seller,12,1,1
235,labor,seller,18,1,1
235,labor,seller,8,1,1
235,labor,seller,14,1,1
235,labor,seller,4,1,1
236,capital,seller,20,20,0.01
236,capital,seller,21,20,0.01
237,consumption,buyer,19,1,24.48
237,consumption,buyer,13,1,24.48
237,consumption,buyer,2,1,24.48
237,consumption,buyer,7,1,24.48
237,consumption,buyer,9,1,24.48
237,consumption,buyer,17,1,24.48
237,consumption,buyer,16,1,24.48
237,consumption,buyer,11,1,24.48
237,consumption,buyer,1,1,24.48
237,consumption,buyer,10,1,24.48
237,consumption,buyer,12,1,24.48
237,consumption,buyer,18,1,24.48
237,consumption,buyer,8,1,24.48
237,consumption,buyer,4,1,24.48
237,consumption,buyer,14,1,24.479999999999997
238,labor,seller,15,1,0
238,labor,seller,0,1,0
238,labor,seller,5,1,0
238,labor,seller,3,1,0
238,labor,seller,6,1,0
238,labor,seller,19,1,1
238,labor,seller,10,1,1
238,labor,seller,14,1,1
238,labor,seller,8,1,1
238,labor,seller,16,1,1
238,labor,seller,13,1,1
238,labor,seller,11,1,1
238,labor,seller,9,1,1
238,labor,seller,7,1,1
238,labor,seller,2,1,1
238,labor,seller,12,1,1
238,labor,seller,17,1,1
238,labor,seller,4,1,1
238,labor,seller,1,1,1
238,labor,seller,18,1,1
239,capital,seller,21,20,0.01
239,capital,seller,20,20,0.01
240,consumption,buyer,19,1,24.48
240,consumption,buyer,10,1,24.48
240,consumption,buyer,8,1,24.48
240,consumption,buyer,16,1,24.48
240,consumption,buyer,13,1,24.48
240,consumption,buyer,11,1,24.48
240,consumption,buyer,9,1,24.48
240,consumption,buyer,7,1,24.48
240,consumption,buyer,2,1,24.48
240,consumption,buyer,12,1,24.48
240,consumption,buyer,17,1,24.48
240,consumption,buyer,4,1,24.48
240,consumption,buyer,1,1,24.48
240,consumption,buyer,18,1,24.48
240,consumption,buyer,14,1,24.479999999999997
241,labor,seller,0,1,0
241,labor,seller,3,1,0
241,labor,seller,6,1,0
241,labor,seller,15,1,0
241,labor,seller,5,1,0
241,labor,seller,17,1,1
241,labor,seller,13,1,1
241,labor,seller,10,1,1
241,labor,seller,7,1,1
241,labor,seller,18,1,1
241,labor,seller,2,1,1
241,labor,seller,1,1,1
241,labor,seller,12,1,1
241,labor,seller,19,1,1
241,labor,seller,4,1,1
241,labor,seller,8,1,1
241,labor,seller,16,1,1
241,labor,seller,9,1,1
241,labor,seller,11,1,1
241,labor,seller,14,1,1
242,capital,seller,20,20,0.01
242,capital,seller,21,20,0.01
243,consumption,buyer,17,1,24.48
243,consumption,buyer,13,1,24.48
243,consumption,buyer,10,1,24.48
243,consumption,buyer,7,1,24.48
243,consumption,buyer,18,1,24.48
243,consumption,buyer,2,1,24.48
243,consumption,buyer,1,1,24.48
243,consumption,buyer,12,1,24.48
243,consumption,buyer,19,1,24.48
243,consumption,buyer,4,1,24.48
243,consumption,buyer,8,1,24.48
243,consumption,buyer,16,1,24.48
243,consumption,buyer,9,1,24.48
243,consumption,buyer,11,1,24.48
243,consumption,buyer,14,1,24.479999999999997
244,labor,seller,0,1,0
244,labor,seller,6,1,0
244,labor,seller,3,1,0
244,labor,seller,5,1,0
244,labor,seller,15,1,0
244,labor,seller,17,1,1
244,labor,seller,19,1,1
244,labor,seller,12,1,1
244,labor,seller,8,1,1
244,labor,seller,2,1,1
244,labor,seller,16,1,1
244,labor,seller,7,1,1
244,labor,seller,10,1,1
244,labor,seller,11,1,1
244,labor,seller,1,1,1
244,labor,seller,4,1,1
244,labor,seller,9,1,1
244,labor,seller,13,1,1
244,labor,seller,18,1,1
244,labor,seller,14,1,1
245,capital,seller,20,20,0.01
245,capital,seller,21,20,0.01
246,consumption,buyer,17,1,24.48
246,consumption,buyer,19,1,24.48
246,consumption,buyer,12,1,24.48
246,consumption,buyer,8,1,24.48
246,consumption,buyer,2,1,24.48
246,consumption,buyer,16,1,24.48
246,consumption,buyer,7,1,24.48
246,consumption,buyer,10,1,24.48
246,consumption,buyer,11,1,24.48
246,consumption,buyer,1,1,24.48
246,consumption,buyer,4,1,24.48
246,consumption,buyer,9,1,24.48
246,consumption,buyer,13,1,24.48
246,consumption,buyer,18,1,24.48
246,consumption,buyer,14,1,24.479999999999997
247,labor,seller,6,1,0
247,labor,seller,3,1,0
247,labor,seller,5,1,0
247,labor,seller,15,1,0
247,labor,seller,0,1,0
247,labor,seller,18,1,1
247,labor,seller,10,1,1
247,labor,seller,1,1,1
247,labor,seller,17,1,1
247,labor,seller,4,1,1
247,labor,seller,19,1,1
247,labor,seller,8,1,1
247,labor,seller,13,1,1
247,labor,seller,16,1,1
247,labor,seller,2,1,1
247,labor,seller,14,1,1
247,labor,seller,12,1,1
247,labor,seller,9,1,1
247,labor,seller,7,1,1
247,labor,seller,11,1,1
248,capital,seller,21,20,0.01
248,capital,seller,20,20,0.01
249,consumption,buyer,18,1,24.48
249,consumption,buyer,10,1,24.48
249,consumption,buyer,1,1,24.48
249,consumption,buyer,17,1,24.48
249,consumption,buyer,4,1,24.48
249,consumption,buyer,19,1,24.48
249,consumption,buyer,8,1,24.48
249,consumption,buyer,13,1,24.48
249,consumption,buyer,16,1,24.48
249,consumption,buyer,2,1,24.48
249,consumption,buyer,12,1,24.48
249,consumption,buyer,9,1,24.48
249,consumption,buyer,7,1,24.48
249,consumption,buyer,11,1,24.48
249,consumption,buyer,14,1,24.479999999999997
250,labor,seller,5,1,0
250,labor,seller,6,1,0
250,labor,seller,15,1,0
250,labor,seller,0,1,0
250,labor,seller,3,1,0
250,labor,seller,17,1,1
250,labor,seller,13,1,1
250,labor,seller,10,1,1
250,labor,seller,1,1,1
250,labor,seller,14,1,1
250,labor,seller,8,1,1
250,labor,seller,7,1,1
250,labor,seller,9,1,1
250,labor,seller,4,1,1
250,labor,seller,12,1,1
250,labor,seller,19,1,1
250,labor,seller,2,1,1
250,labor,seller,16,1,1
250,labor,seller,18,1,1
250,labor,seller,11,1,1
251,capital,seller,20,20,0.01
251,capital,seller,21,20,0.01
252,consumption,buyer,17,1,24.48
252,consumption,buyer,13,1,24.48
252,consumption,buyer,10,1,24.48
252,consumption,buyer,1,1,24.48
252,consumption,buyer,8,1,24.48
252,consumption,buyer,7,1,24.48
252,consumption,buyer,9,1,24.48
252,consumption,buyer,4,1,24.48
252,consumption,buyer,12,1,24.48
252,consumption,buyer,19,1,24.48
252,consumption,buyer,2,1,24.48
252,consumption,buyer,16,1,24.48
252,consumption,buyer,18,1,24.48
252,consumption,buyer,11,1,24.48
252,consumption,buyer,14,1,24.479999999999997
253,labor,seller,15,1,0
253,labor,seller,3,1,0
253,labor,seller,6,1,0
253,labor,seller,0,1,0
253,labor,seller,5,1,0
253,labor,seller,10,1,1
253,labor,seller,17,1,1
253,labor,seller,16,1,1
253,labor,seller,13,1,1
253,labor,seller,9,1,1
253,labor,seller,18,1,1
253,labor,seller,1,1,1
253,labor,seller,2,1,1
253,labor,seller,19,1,1
253,labor,seller,4,1,1
253,labor,seller,11,1,1
253,labor,seller,8,1,1
253,labor,seller,12,1,1
253,labor,seller,14,1,1
253,labor,seller,7,1,1
254,capital,seller,21,20,0.01
254,capital,seller,20,20,0.01
255,consumption,buyer,10,1,24.48
255,consumption,buyer,17,1,24.48
255,consumption,buyer,16,1,24.48
255,consumption,buyer,13,1,24.48
255,consumption,buyer,9,1,24.48
255,consumption,buyer,18,1,24.48
255,consumption,buyer,1,1,24.48
255,consumption,buyer,2,1,24.48
255,consumption,buyer,19,1,24.48
255,consumption,buyer,4,1,24.48
255,consumption,buyer,11,1,24.48
255,consumption,buyer,8,1,24.48
255,consumption,buyer,12,1,24.48
255,consumption,buyer,7,1,24.48
255,consumption,buyer,14,1,24.479999999999997
256,labor,seller,15,1,0
256,labor,seller,3,1,0
256,labor,seller,0,1,0
256,labor,seller,6,1,0
256,labor,seller,5,1,0
256,labor,seller,13,1,1
256,labor,seller,8,1,1
256,labor,seller,7,1,1
256,labor,seller,10,1,1
256,labor,seller,12,1,1
256,labor,seller,2,1,1
256,labor,seller,14,1,1
256,labor,seller,18,1,1
256,labor,seller,4,1,1
256,labor,seller,19,1,1
256,labor,seller,16,1,1
256,labor,seller,11,1,1
256,labor,seller,17,1,1
256,labor,seller,9,1,1
256,labor,seller,1,1,1
257,capital,seller,21,20,0.01
257,capital,seller,20,20,0.01
258,consumption,buyer,13,1,24.48
258,consumption,buyer,8,1,24.48
258,consumption,buyer,7,1,24.48
258,consumption,buyer,10,1,24.48
258,consumption,buyer,12,1,24.48
258,consumption,buyer,2,1,24.48
258,consumption,buyer,18,1,24.48
258,consumption,buyer,4,1,24.48
258,consumption,buyer,19,1,24.48
258,consumption,buyer,16,1,24.48
258,consumption,buyer,11,1,24.48
258,consumption,buyer,17,1,24.48
258,consumption,buyer,9,1,24.48
258,consumption,buyer,1,1,24.48
258,consumption,buyer,14,1,24.479999999999997
259,labor,seller,0,1,0
259,labor,seller,15,1,0
259,labor,seller,5,1,0
259,labor,seller,6,1,0
259,labor,seller,3,1,0
259,labor,seller,16,1,1
259,labor,seller,11,1,1
259,labor,seller,17,1,1
259,labor,seller,14,1,1
259,labor,seller,4,1,1
259,labor,seller,10,1,1
259,labor,seller,2,1,1
259,labor,seller,18,1,1
259,labor,seller,1,1,1
259,labor,seller,9,1,1
259,labor,seller,13,1,1
259,labor,seller,12,1,1
259,labor,seller,7,1,1
259,labor,seller,19,1,1
259,labor,seller,8,1,1
260,capital,seller,20,20,0.01
260,capital,seller,21,20,0.01
261,consumption,buyer,16,1,24.48
261,consumption,buyer,11,1,24.48
261,consumption,buyer,17,1,24.48
261,consumption,buyer,4,1,24.48
261,consumption,buyer,10,1,24.48
261,consumption,buyer,2,1,24.48
261,consumption,buyer,18,1,24.48
261,consumption,buyer,1,1,24.48
261,consumption,buyer,9,1,24.48
261,consumption,buyer,13,1,24.48
261,consumption,buyer,12,1,24.48
261,consumption,buyer,7,1,24.48
261,consumption,buyer,19,1,24.48
261,consumption,buyer,8,1,24.48
261,consumption,buyer,14,1,24.479999999999997
262,labor,seller,0,1,0
262,labor,seller,15,1,0
262,labor,seller,3,1,0
262,labor,seller,5,1,0
262,labor,seller,6,1,0
262,labor,seller,4,1,1
262,labor,seller,2,1,1
262,labor,seller,8,1,1
262,labor,seller,18,1,1
262,labor,seller,19,1,1
262,labor,seller,10,1,1
262,labor,seller,14,1,1
262,labor,seller,7,1,1
262,labor,seller,12,1,1
262,labor,seller,11,1,1
262,labor,seller,9,1,1
262,labor,seller,16,1,1
262,labor,seller,1,1,1
262,labor,seller,13,1,1
262,labor,seller,17,1,1
263,capital,seller,21,20,0.01
263,capital,seller,20,20,0.01
264,consumption,buyer,4,1,24.48
264,consumption,buyer,2,1,24.48
264,consumption,buyer,8,1,24.48
264,consumption,buyer,18,1,24.48
264,consumption,buyer,19,1,24.48
264,consumption,buyer,10,1,24.48
264,consumption,buyer,7,1,24.48
264,consumption,buyer,12,1,24.48
264,consumption,buyer,11,1,24.48
264,consumption,buyer,9,1,24.48
264,consumption,buyer,16,1,24.48
264,consumption,buyer,1,1,24.48
264,consumption,buyer,13,1,24.48
264,consumption,buyer,17,1,24.48
264,consumption,buyer,14,1,24.479999999999997
265,labor,seller,5,1,0
265,labor,seller,0,1,0
265,labor,seller,15,1,0
265,labor,seller,6,1,0
265,labor,seller,3,1,0
265,labor,seller,2,1,1
265,labor,seller,13,1,1
265,labor,seller,9,1,1
265,labor,seller,16,1,1
265,labor,seller,7,1,1
265,labor,seller,12,1,1
265,labor,seller,4,1,1
265,labor,seller,1,1,1
265,labor,seller,17,1,1
265,labor,seller,10,1,1
265,labor,seller,11,1,1
265,labor,seller,14,1,1
265,labor,seller,19,1,1
265,labor,seller,8,1,1
265,labor,seller,18,1,1
266,capital,seller,20,20,0.01
266,capital,seller,21,20,0.01
267,consumption,buyer,2,1,24.48
267,consumption,buyer,13,1,24.48
267,consumption,buyer,9,1,24.48
267,consumption,buyer,16,1,24.48
267,consumption,buyer,7,1,24.48
267,consumption,buyer,12,1,24.48
267,consumption,buyer,4,1,24.48
267,consumption,buyer,1,1,24.48
267,consumption,buyer,17,1,24.48
267,consumption,buyer,10,1,24.48
267,consumption,buyer,11,1,24.48
267,consumption,buyer,19,1,24.48
267,consumption,buyer,8,1,24.48
267,consumption,buyer,18,1,24.48
267,consumption,buyer,14,1,24.479999999999997
268,labor,seller,0,1,0
268,labor,seller,3,1,0
268,labor,seller,5,1,0
268,labor,seller,15,1,0
268,labor,seller,6,1,0
268,labor,seller,4,1,1
268,labor,seller,9,1,1
268,labor,seller,16,1,1
268,labor,seller,10,1,1
268,labor,seller,17,1,1
268,labor,seller,2,1,1
268,labor,seller,18,1,1
268,labor,seller,1,1,1
268,labor,seller,19,1,1
268,labor,seller,14,1,1
268,labor,seller,7,1,1
268,labor,seller,8,1,1
268,labor,seller,12,1,1
268,labor,seller,13,1,1
268,labor,seller,11,1,1
269,capital,seller,21,20,0.01
269,capital,seller,20,20,0.01
270,consumption,buyer,4,1,24.48
270,consumption,buyer,9,1,24.48
270,consumption,buyer,16,1,24.48
270,consumption,buyer,10,1,24.48
270,consumption,buyer,17,1,24.48
270,consumption,buyer,2,1,24.48
270,consumption,buyer,18,1,24.48
270,consumption,buyer,1,1,24.48
270,consumption,buyer,19,1,24.48
270,consumption,buyer,7,1,24.48
270,consumption,buyer,8,1,24.48
270,consumption,buyer,12,1,24.48
270,consumption,buyer,13,1,24.48
270,consumption,buyer,11,1,24.48
270,consumption,buyer,14,1,24.479999999999997
271,labor,seller,5,1,0
271,labor,seller,15,1,0
271,labor,seller,6,1,0
271,labor,seller,0,1,0
271,labor,seller,3,1,0
271,labor,seller,7,1,1
271,labor,seller,14,1,1
271,labor,seller,18,1,1
271,labor,seller,8,1,1
271,labor,seller,13,1,1
271,labor,seller,4,1,1
271,labor,seller,12,1,1
271,labor,seller,9,1,1
271,labor,seller,10,1,1
271,labor,seller,19,1,1
271,labor,seller,1,1,1
271,labor,seller,11,1,1
271,labor,seller,17,1,1
271,labor,seller,2,1,1
271,labor,seller,16,1,1
272,capital,seller,21,20,0.01
272,capital,seller,20,20,0.01
273,consumption,buyer,7,1,24.48
273,consumption,buyer,18,1,24.48
273,consumption,buyer,8,1,24.48
273,consumption,buyer,13,1,24.48
273,consumption,buyer,4,1,24.48
273,consumption,buyer,12,1,24.48
273,consumption,buyer,9,1,24.48
273,consumption,buyer,10,1,24.48
273,consumption,buyer,19,1,24.48
273,consumption,buyer,1,1,24.48
273,consumption,buyer,11,1,24.48
273,consumption,buyer,17,1,24.48
273,consumption,buyer,2,1,24.48
273,consumption,buyer,16,1,24.48
273,consumption,buyer,14,1,24.479999999999997
274,labor,seller,15,1,0
274,labor,seller,0,1,0
274,labor,seller,3,1,0
274,labor,seller,5,1,0
274,labor,seller,6,1,0
274,labor,seller,14,1,1
274,labor,seller,17,1,1
274,labor,seller,10,1,1
274,labor,seller,18,1,1
274,labor,seller,2,1,1
274,labor,seller,8,1,1
274,labor,seller,1,1,1
274,labor,seller,19,1,1
274,labor,seller,4,1,1
274,labor,seller,11,1,1
274,labor,seller,16,1,1
274,labor,seller,7,1,1
274,labor,seller,9,1,1
274,labor,seller,13,1,1
274,labor,seller,12,1,1
275,capital,seller,21,20,0.01
275,capital,seller,20,20,0.01
276,consumption,buyer,17,1,24.48
276,consumption,buyer,10,1,24.48
276,consumption,buyer,18,1,24.48
276,consumption,buyer,2,1,24.48
276,consumption,buyer,8,1,24.48
276,consumption,buyer,1,1,24.48
276,consumption,buyer,19,1,24.48
276,consumption,buyer,4,1,24.48
276,consumption,buyer,11,1,24.48
276,consumption,buyer,16,1,24.48
276,consumption,buyer,7,1,24.48
276,consumption,buyer,9,1,24.48
276,consumption,buyer,13,1,24.48
276,consumption,buyer,12,1,24.48
276,consumption,buyer,14,1,24.479999999999997
277,labor,seller,15,1,0
277,labor,seller,3,1,0
277,labor,seller,6,1,0
277,labor,seller,5,1,0
277,labor,seller,0,1,0
277,labor,seller,1,1,1
277,labor,seller,14,1,1
277,labor,seller,13,1,1
277,labor,seller,17,1,1
277,labor,seller,4,1,1
277,labor,seller,19,1,1
277,labor,seller,11,1,1
277,labor,seller,8,1,1
277,labor,seller,7,1,1
277,labor,seller,16,1,1
277,labor,seller,12,1,1
277,labor,seller,2,1,1
277,labor,seller,10,1,1
277,labor,seller,9,1,1
277,labor,seller,18,1,1
278,capital,seller,21,20,0.01
278,capital,seller,20,20,0.01
279,consumption,buyer,1,1,24.48
279,consumption,buyer,13,1,24.48
279,consumption,buyer,17,1,24.48
279,consumption,buyer,4,1,24.48
279,consumption,buyer,19,1,24.48
279,consumption,buyer,11,1,24.48
279,consumption,buyer,8,1,24.48
279,consumption,buyer,7,1,24.48
279,consumption,buyer,16,1,24.48
279,consumption,buyer,12,1,24.48
279,consumption,buyer,2,1,24.48
279,consumption,buyer,10,1,24.48
279,consumption,buyer,9,1,24.48
279,consumption,buyer,18,1,24.48
279,consumption,buyer,14,1,24.479999999999997
280,labor,seller,0,1,0
280,labor,seller,6,1,0
280,labor,seller,5,1,0
280,labor,seller,3,1,0
280,labor,seller,15,1,0
280,labor,seller,10,1,1
280,labor,seller,8,1,1
280,labor,seller,14,1,1
280,labor,seller,16,1,1
280,labor,seller,9,1,1
280,labor,seller,18,1,1
280,labor,seller,19,1,1
280,labor,seller,1,1,1
280,labor,seller,12,1,1
280,labor,seller,11,1,1
280,labor,seller,7,1,1
280,labor,seller,2,1,1
280,labor,seller,17,1,1
280,labor,seller,13,1,1
280,labor,seller,4,1,1
281,capital,seller,20,20,0.01
281,capital,seller,21,20,0.01
282,consumption,buyer,10,1,24.48
282,consumption,buyer,8,1,24.48
282,consumption,buyer,16,1,24.48
282,consumption,buyer,9,1,24.48
282,consumption,buyer,18,1,24.48
282,consumption,buyer,19,1,24.48
282,consumption,buyer,1,1,24.48
282,consumption,buyer,12,1,24.48
282,consumption,buyer,11,1,24.48
282,consumption,buyer,7,1,24.48
282,consumption,buyer,2,1,24.48
282,consumption,buyer,17,1,24.48
282,consumption,buyer,13,1,24.48
282,consumption,buyer,4,1,24.48
282,consumption,buyer,14,1,24.479999999999997
283,labor,seller,5,1,0
283,labor,seller,0,1,0
283,labor,seller,3,1,0
283,labor,seller,15,1,0
283,labor,seller,6,1,0
283,labor,seller,9,1,1
283,labor,seller,14,1,1
283,labor,seller,17,1,1
283,labor,seller,1,1,1
283,labor,seller,10,1,1
283,labor,seller,12,1,1
283,labor,seller,18,1,1
283,labor,seller,13,1,1
283,labor,seller,11,1,1
283,labor,seller,16,1,1
283,labor,seller,8,1,1
283,labor,seller,2,1,1
283,labor,seller,19,1,1
283,labor,seller,4,1,1
283,labor,seller,7,1,1
284,capital,seller,20,20,0.01
284,capital,seller,21,20,0.01
285,consumption,buyer,9,1,24.48
285,consumption,buyer,17,1,24.48
285,consumption,buyer,1,1,24.48
285,consumption,buyer,10,1,24.48
285,consumption,buyer,12,1,24.48
285,consumption,buyer,18,1,24.48
285,consumption,buyer,13,1,24.48
285,consumption,buyer,11,1,24.48
285,consumption,buyer,16,1,24.48
285,consumption,buyer,8,1,24.48
285,consumption,buyer,2,1,24.48
285,consumption,buyer,19,1,24.48
285,consumption,buyer,4,1,24.48
285,consumption,buyer,7,1,24.48
285,consumption,buyer,14,1,24.479999999999997
286,labor,seller,6,1,0
286,labor,seller,3,1,0
286,labor,seller,0,1,0
286,labor,seller,5,1,0
286,labor,seller,15,1,0
286,labor,seller,2,1,1
286,labor,seller,1,1,1
286,labor,seller,19,1,1
286,labor,seller,8,1,1
286,labor,seller,16,1,1
286,labor,seller,9,1,1
286,labor,seller,10,1,1
286,labor,seller,12,1,1
286,labor,seller,13,1,1
286,labor,seller,11,1,1
286,labor,seller,17,1,1
286,labor,seller,4,1,1
286,labor,seller,18,1,1
286,labor,seller,7,1,1
286,labor,seller,14,1,1
287,capital,seller,21,20,0.01
287,capital,seller,20,20,0.01
288,consumption,buyer,2,1,24.48
288,consumption,buyer,1,1,24.48
288,consumption,buyer,19,1,24.48
288,consumption,buyer,8,1,24.48
288,consumption,buyer,16,1,24.48
288,consumption,buyer,9,1,24.48
288,consumption,buyer,10,1,24.48
288,consumption,buyer,12,1,24.48
288,consumption,buyer,13,1,24.48
288,consumption,buyer,11,1,24.48
288,consumption,buyer,17,1,24.48
288,consumption,buyer,4,1,24.48
288,consumption,buyer,18,1,24.48
288,consumption,buyer,7,1,24.48
288,consumption,buyer,14,1,24.479999999999997
289,labor,seller,15,1,0
289,labor,seller,3,1,0
289,labor,seller,0,1,0
289,labor,seller,6,1,0
289,labor,seller,5,1,0
289,labor,seller,18,1,1
289,labor,seller,1,1,1
289,labor,seller,17,1,1
289,labor,seller,9,1,1
289,labor,seller,14,1,1
289,labor,seller,16,1,1
289,labor,seller,10,1,1
289,labor,seller,7,1,1
289,labor,seller,19,1,1
289,labor,seller,12,1,1
289,labor,seller,4,1,1
289,labor,seller,2,1,1
289,labor,seller,8,1,1
289,labor,seller,11,1,1
289,labor,seller,13,1,1
290,capital,seller,20,20,0.01
290,capital,seller,21,20,0.01
291,consumption,buyer,18,1,24.48
291,consumption,buyer,1,1,24.48
291,consumption,buyer,17,1,24.48
291,consumption,buyer,9,1,24.48
291,consumption,buyer,16,1,24.48
291,consumption,buyer,10,1,24.48
291,consumption,buyer,7,1,24.48
291,consumption,buyer,19,1,24.48
291,consumption,buyer,12,1,24.48
291,consumption,buyer,4,1,24.48
291,consumption,buyer,2,1,24.48
291,consumption,buyer,8,1,24.48
291,consumption,buyer,11,1,24.48
291,consumption,buyer,13,1,24.48
291,consumption,buyer,14,1,24.479999999999997
292,labor,seller,15,1,0
292,labor,seller,6,1,0
292,labor,seller,3,1,0
292,labor,seller,0,1,0
292,labor,seller,5,1,0
292,labor,seller,9,1,1
292,labor,seller,16,1,1
292,labor,seller,4,1,1
292,labor,seller,2,1,1
292,labor,seller,10,1,1
292,labor,seller,12,1,1
292,labor,seller,8,1,1
292,labor,seller,11,1,1
292,labor,seller,13,1,1
292,labor,seller,17,1,1
292,labor,seller,18,1,1
292,labor,seller,19,1,1
292,labor,seller,14,1,1
292,labor,seller,1,1,1
292,labor,seller,7,1,1
293,capital,seller,20,20,0.01
293,capital,seller,21,20,0.01
294,consumption,buyer,9,1,24.48
294,consumption,buyer,16,1,24.48
294,consumption,buyer,4,1,24.48
294,consumption,buyer,2,1,24.48
294,consumption,buyer,10,1,24.48
294,consumption,buyer,12,1,24.48
294,consumption,buyer,8,1,24.48
294,consumption,buyer,11,1,24.48
294,consumption,buyer,13,1,24.48
294,consumption,buyer,17,1,24.48
294,consumption,buyer,18,1,24.48
294,consumption,buyer,19,1,24.48
294,consumption,buyer,1,1,24.48
294,consumption,buyer,7,1,24.48
294,consumption,buyer,14,1,24.479999999999997
295,labor,seller,0,1,0
295,labor,seller,15,1,0
295,labor,seller,5,1,0
295,labor,seller,3,1,0
295,labor,seller,6,1,0
295,labor,seller,1,1,1
295,labor,seller,2,1,1
295,labor,seller,16,1,1
